2442 3940
372 161 630 216 EPISTULARUM
648 162 674 215 11
692 169 769 219 1-1.
1033 165 1075 230 35

2 329 3 350 ³
64 326 253 410 cunctisque
267 326 363 390 rebus
380 347 534 410 exaequo,
549 348 630 409 quos
650 348 761 392 mansa
780 331 813 391 et
831 331 902 391 toro
920 327 1076 412 aequavi?

65 413 232 479 ‘Etiamne
246 413 417 479 libertos?'
442 414 582 500 ‘Etiam3
598 416 796 480 convictores
811 417 896 480 enim
910 421 996 496 tuno,
1010 439 1077 482 non
1094 435 1112 481 4

2 493 3 512 ¹
63 504 197 568 libertos
211 502 312 587 put0.'
341 502 386 567 Et
399 505 467 568 ille:
498 503 634 589 ‘Magno
649 505 710 570 tibi
729 508 821 569 const
841 505 875 570 t.'
907 504 1076 574 ‘Minime'

2 615 3 638 ¹
38 591 143 668 s‘Qui
161 593 232 657 fieri
251 592 396 676 potestl'
434 591 533 668 ‘Quia
552 593 674 658 scilicet
695 593 804 658 liberti
823 595 886 658 mci
907 616 972 673 non
991 594 1076 660 idem

62 683 150 764 quod
165 703 225 768 ego
241 682 366 767 bibunt,
382 682 536 746 sedidem
552 704 612 768 ego
628 683 714 766 quod
727 682 856 747 liberti.’
879 682 923 748 Et
937 683 1076 762 hercule,
1096 700 1111 746 5

62 771 90 834 si
113 771 210 856 gulae
233 775 402 854 temperes,
423 793 490 836 non
512 776 561 837 est
584 792 763 856 onerosum,
787 793 851 856 quo
874 773 983 856 utaris,
1007 773 1075 855 ipse

62 859 299 924 communicare
319 881 392 925 cum
414 860 571 944 pluribus.
607 859 667 924 Illa
691 882 767 946 ergo
790 861 1001 945 reprimenda,
1020 862 1076 925 illa

62 949 156 1032 quasi
184 950 219 1012 in
246 949 389 1013 ordinem
416 949 590 1035 redigenda
617 953 674 1033 est,
698 951 726 1013 si
749 950 931 1033 sumptibus
954 970 1076 1034 parcas,

2 1064 47 1108 ,1⁰
62 1037 181 1120 quibus
205 1038 369 1122 aliquanto
393 1038 511 1102 rectius
539 1041 595 1101 111
623 1039 821 1103 continentia
848 1061 944 1121 quam
972 1040 1076 1104 aliena

61 1127 258 1191 contumelia
281 1127 436 1192 consulas.

129 1213 272 1290 Quorsus
295 1215 395 1280 haec?
418 1238 458 1281 ne
476 1215 546 1298 tibi,
565 1216 705 1299 optimae
724 1215 841 1279 indolis
860 1216 977 1298 iuveni,
998 1237 1074 1299 quo·
1094 1231 1109 1279 6

59 1305 197 1368 rumdam
226 1305 260 1368 in
287 1327 397 1370 mensa
421 1305 549 1369 luxuria
576 1305 681 1389 specie
709 1305 904 1390 frugalitatis
932 1305 1074 1388 inponat.

61 1391 221 1458 Convenit
239 1397 346 1458 autem
365 1395 467 1458 amori
490 1394 524 1458 in
546 1397 578 1458 to
597 1415 679 1476 meo,
698 1395 846 1476 quotiens
869 1394 933 1458 tale
952 1394 1075 1477 aliquid

2 1520 3 1559 1
25 1509 46 1548 11
59 1482 220 1566 inciderit,
239 1484 297 1546 sub
318 1483 464 1567 exemplo
483 1504 699 1566 praemonere,
718 1483 796 1566 quid
817 1482 931 1547 debeas
954 1484 1074 1569 fugare.

59 1569 168 1655 Igitur
185 1575 346 1635 memento
365 1571 449 1636 nihil
466 1572 569 1657 magis
589 1593 657 1636 esse
675 1572 843 1636 vitandum
862 1593 959 1654 quam
978 1573 1073 1636 istam
1094 1588 1108 1634 7

2 1667 4 1724 l
58 1660 207 1724 luxuriae
231 1664 262 1725 et
285 1660 427 1725 sordium
450 1681 566 1725 novam
591 1661 788 1745 societatem3
813 1682 894 1744 quae
918 1682 990 1725 oum
1010 1662 1074 1726 sint

2 1807 4 1872 ,
58 1749 246 1832 turpissima
264 1748 401 1813 discreta
419 1769 456 1813 ac
470 1754 624 1833 separata,
638 1751 765 1833 turpius
779 1750 964 1835 iungrmtur.
983 1748 1072 1814 Vale.

24 1946 208 2104 affl
311 2013 339 2063 o.
363 2013 501 2062 1111111
817 2047 824 2060 .
984 1991 990 2034 ’-
1100 1987 1148 2170 q
1179 2007 1205 2063 ς,

161 2125 212 2167 ere
232 2125 250 2168 1
269 2107 381 2169 senatu
399 2102 559 2168 Vestricio
602 2104 757 2187 purinnae
776 2103 921 2187 principe
942 2107 1071 2169 auctore
1092 2119 1107 2166 1⁴
1130 2066 1182 2160 1
1216 2105 1218 2138 ³

59 2192 266 2275 triumphalis
289 2196 395 2258 statua
418 2191 545 2257 decreta
567 2196 629 2274 est,
651 2214 718 2256 non
740 2193 787 2256 ita
808 2193 846 2255 11
867 2192 993 2274 multis,
1016 2195 1071 2276 qni
1110 2170 1155 2274 11

2 2267 3 2310 ¹
59 2303 236 2364 numquam
259 2281 294 2344 11
315 2281 383 2345 acie
406 2285 572 2365 steterunt,
589 2303 765 2364 numquam
790 2281 1071 2365 11111111111111,
1126 2353 1131 2371 ί

2 2407 4 2472 l
59 2391 237 2453 numquam
261 2370 397 2452 denique
419 2369 572 2434 tubarum
594 2390 709 2434 sonum
736 2371 800 2434 nisi
822 2369 857 2434 in
880 2371 1070 2454 spectaculis
1099 2363 1134 2412 l*

24 2483 45 2523 rs
60 2457 243 2542 audierunt,
270 2480 380 2522 verum
407 2463 446 2522 ut
472 2458 551 2541 illis,
578 2458 636 2541 qui
663 2458 759 2524 decus
787 2459 873 2522 istud
901 2459 1015 2522 sudore
1039 2463 1070 2522 11
1137 2481 1139 2486 ’
1181 2448 1218 2508 “s

60 2548 215 2632 sangm'nc
239 2550 272 2611 11
289 2547 384 2613 factis
403 2547 666 2630 adsequebantur.
702 2545 788 2612 Nam
808 2545 968 2631 Spurinna
990 2545 1069 2610 Bru·
1089 2503 1218 2650 QX*

60 2640 182 2701 aterum
209 2657 317 2722 regem
344 2637 377 2699 vi
404 2640 437 2700 et
463 2637 559 2700 111111
587 2635 715 2700 induxit
742 2637 776 2700 in
802 2657 937 2722 regnum
966 2639 1069 2700 osten·
1131 2627 1152 2663 s

59 2728 191 2808 tutoque
215 2725 300 2790 ballo
323 2725 554 2790 ferocissimam
579 2729 716 2810 gentem,
742 2725 829 2809 quod
852 2728 900 2789 est
922 2723 1069 2808 pulcher·

2 2869 3 2900 ,
60 2813 176 2878 rimam
208 2814 362 2880 victoriae
395 2835 512 2899 genus,
542 2818 663 2878 terrore
695 2813 885 2898 perdomuit.
930 2812 975 2877 Et
1006 2813 1103 2878 hocs

23 2927 47 2966 ro
60 2903 188 2984 quidem
216 2903 357 2992 virtutis,
371 2904 563 2987 praemium,
591 2902 672 2968 illud
699 2904 853 2968 solacium
876 2900 996 2966 doloris
1019 2923 1068 2967 ao-

2 3017 3 3024 *
60 2992 151 3075 cepit,
175 2992 264 3075 quod
285 2991 353 3057 filio
377 2993 444 3056 eius
469 2989 586 3076 Cottio,
614 3014 710 3074 quem
737 2992 845 3056 amisit
868 2991 992 3074 absens,
1013 2990 1068 3055 ha-

59 3080 143 3144 bitus
176 3084 226 3145 est
257 3081 362 3145 honor
393 3085 525 3146 statuae.
570 3081 691 3145 Rarum
723 3081 756 3145 id
785 3081 820 3145 11
851 3080 980 3165 iuvene3
1013 3081 1068 3145 sed

60 3174 149 3252 petar
171 3169 234 3234 hoo
257 3191 385 3254 quoque
407 3170 597 3254 merebatur,
618 3170 707 3234 ouius
731 3169 919 3255 gravissimo
943 3170 1067 3234 vulneri

61 3280 175 3345 magno
194 3259 304 3342 aliquo
322 3259 466 3324 fomento
485 3259 675 3323 medendum
697 3259 768 3322 fuit.
805 3257 972 3323 Praeterea
993 3255 1066 3322 Cot·
1086 3273 1102 3320 4

23 3372 46 3410 11
60 3347 123 3411 tius
145 3348 214 3432 ipse
237 3352 304 3412 tam
327 3350 448 3412 clarum
467 3349 629 3432 specimen
646 3347 763 3411 indolis
787 3347 923 3430 dederat,
946 3351 983 3411 ut
1001 3347 1068 3411 vita

61 3434 126 3500 eius
149 3437 254 3501 brevis
278 3440 310 3501 11
331 3442 467 3523 angusta
489 3437 634 3501 debuerit
651 3436 712 3500 hac
730 3436 818 3501 velut
836 3435 1065 3499 inmortalitate

61 3525 201 3608 proferri.
247 3522 333 3590 Nam
355 3530 445 3590 tanta
471 3527 500 3590 ei
523 3526 688 3610 sanctitas,
712 3525 865 3610 gravitas,
892 3524 1065 3590 auotoritas

867 3627 901 3679 3,
1075 3633 1077 3637 .
