2458 3940
146 107 211 173 348
575 109 611 164 ·C.
630 109 729 164 PLINI

146 295 204 358 per
225 274 292 338 vim
315 295 354 339 aa
375 275 551 338 tumultum
576 273 774 357 creabantur,
793 272 850 337 sed
873 273 989 356 quibus
1014 273 1166 356 sepositis

147 365 180 427 et
203 362 389 427 absentibus
411 364 447 426 in
463 383 539 426 rura
557 383 615 426 sua
633 363 819 426 oonsulatus
836 362 1032 446 ferebantur,
1049 363 1087 426 in
1104 363 1167 428 hae

147 451 278 516 civitate
305 453 437 516 tertium
465 447 667 516 consulatum
694 451 844 535 princeps
874 453 999 536 generis
1029 452 1167 515 humani
1218 407 1219 492 1

111 544 184 604 ιιι
210 562 418 627 praegravem
445 540 620 606 recusasti?
665 539 811 604 Tantone
838 539 976 625 Papiriis
1004 541 1104 604 etiam
1135 546 1167 605 et

147 627 287 704 Quintiis
300 630 497 694 moderatior
507 627 674 715 Augustus
690 633 722 694 et
737 627 853 694 Caesar
866 633 898 694 et
911 634 1003 714 pater
1016 629 1167 713 patriae?
1191 656 1199 696 ι

146 716 191 782 At
213 718 288 782 illos
311 741 361 783 res
384 719 514 803 publica
538 719 651 782 ciebat.
689 717 796 795 Quid?
823 723 856 783 ιι
883 741 950 784 non
978 719 1091 783 eadem
1114 741 1167 784 rea

145 806 284 891 publiea,
306 829 373 872 non
396 812 534 891 senatus,
556 829 622 872 non
641 809 825 872 consulatus
843 809 922 892 ipse,
941 807 996 891 qui
1015 807 1080 872 sibi
1100 810 1167 872 tuis
1218 835 1219 898 t

93 895 321 962 58umerista
322 897 450 962 tolliet
418 901 642 999 ataugesaere
664 898 737 961 vide
738 898 812 962 tur?
847 896 924 963 Non
947 897 1038 961 tead
1057 919 1168 961 exem·
1218 899 1219 904 ’

145 987 217 1069 plar
240 986 308 1050 eius
331 1007 422 1070 voco,
445 987 501 1070 qui
525 987 687 1051 continuis
711 987 932 1051 consulatibus
955 987 1077 1051 fecerat
1094 988 1166 1050 lon-

145 1097 223 1162 gum
242 1076 402 1158 quendam
413 1037 453 1139 ’et
471 1076 540 1139 sine
558 1075 741 1140 discrimine
759 1097 889 1158 annum,
906 1077 948 1139 iis
969 1079 1001 1142 te
969 1075 1219 1159 tuonfero,
1179 1101 1200 1141 ιι

145 1185 226 1247 qnos
255 1169 376 1230 eertum
400 1169 458 1248 eat,
486 1165 635 1247 quotiens
662 1166 809 1230 eonsules
835 1164 976 1248 fuerunt,
953 1168 1071 1229 tnon
1100 1126 1166 1229 sibi
1218 1183 1219 1196 ³

143 1255 349 1338 praestitisse.
385 1215 492 1317 ΕιιίΙ
452 1257 518 1316 ιιι
537 1257 651 1318 senatu
669 1257 720 1319 ιιι
736 1255 857 1336 consul,
882 1275 955 1318 oum
974 1256 1010 1317 ιι
1029 1254 1165 1318 tertium
1218 1325 1219 1350 χ

109 1344 291 1408 ιιοιιιιιι
259 1347 348 1407 atum
371 1343 549 1408 reeusabas.
586 1340 765 1407 Onerosum
787 1343 896 1407 neseio
916 1343 994 1425 quid
1011 1364 1166 1408 verecun-
1218 1357 1219 1414 ι

145 1432 216 1496 diae
233 1436 308 1496 tuae
327 1453 501 1498 consensus
518 1435 629 1496 noster
642 1431 810 1514 indixerat,
824 1435 862 1496 ut
878 1431 1027 1516 princeps
1041 1433 1164 1496 totiens
1218 1467 1219 1514 ι

144 1523 257 1586 consul
288 1541 374 1586 esses
407 1521 557 1605 quotiens
589 1524 718 1586 ιιιιιοι
748 1524 838 1604 tuus3
870 1521 971 1585 nimia
1002 1520 1163 1585 modestia
1178 1547 1201 1586 ιι

109 1628 124 1675 3
143 1611 231 1674 istud
254 1610 351 1674 etiarn
369 1611 515 1694 privatus
533 1631 720 1675 recusassea.
757 1608 812 1674 Δι
830 1610 1007 1674 consularia
1026 1611 1089 1674 viri
1107 1612 1164 1673 tri·

144 1699 371 1783 umphalisque
388 1699 484 1782 filius,
503 1721 576 1764 oum
595 1700 691 1764 tertio
711 1701 825 1763 oonsul
843 1703 977 1782 creatur,
994 1699 1164 1764 aseendit?

144 1809 211 1851 non
238 1787 382 1853 debitum
410 1788 473 1853 hoo
500 1789 557 1870 illi,
584 1810 651 1852 non
680 1789 732 1854 vel
764 1790 833 1853 sola
863 1789 988 1875 generis
1016 1788 1164 1853 claritate

143 1878 378 1960 promeritum?
423 1875 568 1962 Contigit
605 1898 681 1963 ergo
718 1879 853 1960 privatis
885 1877 1009 1961 aperire
1040 1899 1161 1942 annum

143 1965 309 2052 fastosque
335 1987 488 2048 reserare,
516 1969 549 2030 ιι
577 1966 640 2030 hoe
667 1986 796 2049 qnoque
827 1966 970 2031 redditae
1001 1967 1162 2031 libertatis
1178 1993 1203 2032 ιι

143 2056 299 2121 indicium
313 2055 385 2140 fuit,
400 2057 486 2138 quod
505 2056 618 2120 consul
636 2056 718 2119 alius
738 2077 834 2138 quam
854 2054 970 2120 Caesar
988 2058 1079 2120 esset.
1107 2053 1164 2120 Sia

144 2145 264 2210 exeatis
291 2145 422 2230 regibus
450 2144 557 2228 eoepit
586 2144 669 2208 liber
698 2166 809 2228 annus,
842 2145 888 2210 sia
916 2145 995 2208 olim
1023 2144 1161 2208 servitus

109 2250 124 2298 ι
143 2234 236 2318 pulsa
249 2235 375 2317 privata
389 2234 482 2298 fastis
495 2233 628 2297 nomina
646 2235 781 2299 induxit.
814 2233 949 2299 Miseros
964 2234 1162 2316 ambitionis,

144 2324 199 2407 qui
231 2325 278 2387 ita
306 2322 452 2387 eonsules
488 2345 613 2407 semper
641 2327 679 2387 ut
711 2343 837 2406 semper
864 2323 1026 2407 principes
1055 2327 1161 2386 erant!

145 2410 345 2497 Quamquam
368 2433 434 2475 non
457 2415 524 2475 tam
547 2412 683 2476 ambitio
707 2432 804 2494 quam
821 2413 906 2478 livor
924 2416 956 2475 et
974 2411 1161 2496 malignitas
1175 2437 1199 2477 ιι
1218 2387 1219 2474 i

145 2501 247 2565 videri
269 2504 378 2584 potest
401 2522 512 2566 omnes
531 2523 632 2566 annos
652 2501 816 2584 possidere
835 2522 1061 2583 summumque
1077 2500 1162 2564 illud

143 2612 304 2674 pmpurae
327 2589 423 2655 decus
445 2611 513 2654 non
534 2591 598 2654 nisi
621 2591 843 2675 praecerptum
871 2593 1162 2674 praefloratnmwe

108 2680 308 2744 ttransmitt
309 2702 368 2744 ere
393 2679 495 2743 Tuam
509 2699 585 2743 vero
599 2679 899 2764 magnanimitatem
914 2701 956 2742 an
969 2679 1161 2743 modestiam

143 2790 185 2833 ιι
207 2769 440 2854 benignitatem
463 2769 553 2852 prius
576 2768 695 2832 mirer?
731 2767 1008 2854 Magnanimitatis
1025 2767 1090 2830 fuit
1109 2791 1163 2832 ex·
1218 2781 1219 2830 ι

143 2858 246 2941 petito
270 2878 396 2960 semper
418 2855 541 2920 honore
564 2857 646 2921 abst
622 2861 738 2940 tmere,
760 2857 936 2922 modestiae
960 2855 1083 2938 eadere,
1108 2833 1219 2920 be
1176 2883 1200 2922 ιι

147 2947 297 3032 nignitat'
289 2968 316 3011 ιι
338 2969 396 3030 per
418 2946 499 3010 alios
521 2945 595 3010 frui.

96 3034 141 3102 59
215 3035 309 3100 Sed
300 3057 364 3099 ιιιι
382 3039 510 3119 tempus
529 3038 578 3099 ιιι
600 3034 659 3098 ιι
650 3036 713 3118 ipsi
735 3034 917 3100 consulatui
935 3038 1107 3117 praestare,
1125 3040 1164 3099 ιι

143 3126 297 3189 maiorem
330 3147 404 3189 eum
437 3124 639 3208 suscipiendo
677 3124 880 3210 gerendoque
915 3123 1023 3188 facias.
1072 3121 1161 3188 Nam

144 3214 270 3296 saepius
292 3235 439 3278 recusare
463 3214 647 3299 ambiguam
671 3235 709 3278 aa
731 3213 839 3296 potius
858 3213 948 3277 illam
971 3214 1163 3296 interpreta-

217 3426 250 3472 10
264 3421 309 3474 hia
319 3425 420 3478 Baebr.
476 3429 510 3478 25
524 3425 583 3476 tam
593 3423 666 3477 amb.
678 3439 763 3491 quam
772 3424 829 3478 eod.
841 3424 965 3490 Mediol„
975 3425 1088 3491 Baete,
1102 3427 1164 3480 tam

146 3506 196 3542 om.
207 3491 359 3547 Βιιιιιιιιι·
368 3495 454 3560 codd,
465 3495 543 3548 Keib'
552 3496 594 3561 bc,
605 3511 661 3548 non
671 3494 743 3550 amb.
754 3496 846 3565 magis
856 3511 942 3564 quam
950 3497 1013 3551 dett.
1023 3497 1114 3564 codd„
1124 3499 1163 3552 K.
