2468 3938
354 162 610 216 EPISTULARUM
628 163 667 216 IV
686 169 781 217 9-11.

545 331 595 390 XI.

200 431 392 479 0111111110
417 432 592 480 conruere
617 431 800 479 1111001110
825 431 890 480 suo
915 431 941 479 s.

127 519 300 586 Audistine
318 521 485 586 Valerium
507 521 709 585 Licinianum
728 522 763 585 in
782 520 891 586 Sicilia
909 521 1075 605 profiteri?
1096 538 1110 584 1

31 623 34 630 ’
64 610 206 674 nondum
238 613 271 674 te
302 614 381 694 puto
414 611 553 694 audisse,
590 614 639 675 est
671 611 756 675 enim
788 631 897 675 recens
934 613 1075 675 nuntius.

44 698 247 763 rPraetorius
274 699 370 763 modo
398 699 452 764 hic
479 701 563 764 inter
595 700 874 783 eloquentissimos
907 720 1075 764 causarum

65 792 187 853 actores
205 788 393 872 habebatur,
411 810 498 853 nunc
516 811 553 853 eo
573 788 700 872 decidit,
718 792 755 852 ut
774 790 849 853 exul
868 788 906 852 de
921 792 1076 871 senatore,

64 877 174 940 rhetor
201 876 240 940 de
268 880 394 942 oratore
422 878 522 942 fieret.
567 875 681 961 Iaque
712 879 781 961 ipse
813 878 848 941 in
878 878 1111 961 praefatione2

65 966 145 1029 dixit
168 965 315 1030 dolenter
337 971 370 1029 et
395 968 547 1052 graviter:
576 965 678 1042 ‘Quos
707 967 776 1049 tibi,
803 964 955 1050 Fortuna,
982 967 1076 1031 ludos

63 1055 164 1120 facis?
187 1055 267 1119 facis
291 1055 376 1118 enim
405 1078 444 1119 ex
472 1056 672 1120 senatoribus
700 1053 910 1138 professores,
938 1078 978 1119 ex
1005 1077 1077 1139 pro-

32 1167 52 1206 11
63 1144 239 1209 sessoribus
258 1144 440 1209 senatores’
476 1142 535 1208 Cui
557 1145 732 1208 sententiae
756 1147 883 1207 tantum
906 1144 990 1226 bilis,
1009 1148 1077 1207 tan-

64 1237 132 1296 tum
147 1233 371 1297 amaritudinis
390 1234 482 1316 inest,
496 1236 533 1296 ut
551 1233 632 1297 mihi
650 1233 796 1297 videatur
814 1233 885 1296 ideo
904 1232 1076 1316 professus,

64 1326 99 1385 ut
121 1322 186 1385 hoo
210 1321 336 1386 diceret.
380 1319 479 1405 Idem,
503 1342 576 1385 cum
601 1320 720 1386 Graeco
743 1322 841 1405 pallio
870 1322 1006 1385 amiotus
1031 1322 1112 1383 in-3

64 1414 181 1475 basset
208 1407 333 1496 (carent
360 1411 445 1474 enim
473 1414 569 1496 togae
597 1411 679 1494 iure,
707 1411 824 1494 quibus
848 1432 931 1493 aqua
954 1413 986 1473 et
1009 1411 1077 1494 igni

65 1500 271 1564 interdictum
295 1496 367 1586 est),
390 1504 562 1584 postquam
586 1521 619 1564 se
639 1500 820 1583 composuit
839 1500 1077 1582 circumspexit-

34 1611 53 1650 15
66 1611 126 1671 que
163 1589 312 1652 habitum
350 1610 459 1671 suum,
499 1587 644 1652 ‘Latine’
681 1589 788 1672 inquit
826 1587 1077 1652 ‘declamaturus

24 1697 26 1742 l
66 1677 158 1740 sum?
196 1677 291 1741 Dices
310 1678 416 1742 tristia
434 1681 467 1740 et
484 1677 673 1761 miseranda,
697 1677 830 1763 dignum
849 1680 958 1740 tamen
976 1678 1114 1759 illum,4

66 1768 119 1849 qui
146 1766 229 1830 haec
255 1767 325 1849 ipsa
353 1766 458 1830 studia
485 1767 600 1830 incesti
627 1768 744 1831 scelere
773 1767 951 1829 macularit.
997 1763 1112 1830 Gon-5

65 1856 168 1919 fessus
193 1859 241 1919 est
265 1855 394 1938 quidem
417 1856 584 1939 incestum,
607 1855 663 1920 sed
686 1857 853 1938 incertum,
874 1858 983 1917 utrum
1003 1855 1078 1938 quia

65 1967 177 2007 verum
209 1946 285 2027 erat,
314 1967 356 2008 011
386 1945 461 2027 quia
491 1945 637 2030 graviora
664 1943 837 2027 metuebat,
865 1944 892 2008 si
922 1946 1078 2029 negasset.

35 2055 54 2093 11
65 2031 237 2096 Fremebat
269 2034 355 2097 enim
386 2033 591 2097 Domitianus
624 2033 854 2116 aestuabatque
888 2033 923 2094 in
955 2032 1079 2117 ingenti

66 2122 188 2186 invidia
216 2121 396 2188 destitutus.
441 2120 540 2205 Nam,
573 2143 645 2186 cum
676 2120 870 2204 Corneliam,
898 2119 1113 2184 Vestaliumo

66 2211 250 2293 maximam,
265 2210 413 2275 defodere
431 2211 538 2274 rivam
554 2210 764 2295 concupisset,
782 2213 820 2274 ut
839 2211 895 2292 qui
914 2210 1079 2273 inlustrari

66 2301 230 2363 saeculum
254 2321 347 2363 suum
371 2299 529 2364 eiusmodi
552 2301 705 2383 exemplis
734 2298 951 2382 arbitraretur,
973 2299 1079 2382 ponti-

65 2389 134 2452 ficis
150 2389 285 2451 maximi
298 2389 366 2452 iure
381 2411 437 2453 seu
451 2390 559 2472 potius
575 2389 774 2453 immanitate
793 2389 930 2471 tyranni,
949 2388 1079 2451 licentia

35 2499 54 2538 a
67 2476 192 2541 domini
214 2477 354 2560 reliquos
377 2477 546 2560 pontifices
569 2499 635 2541 non
660 2478 694 2540 in
716 2476 861 2562 Regiam,
890 2476 945 2541 sed
967 2477 1001 2538 in
1024 2473 1079 2538 Al-

66 2567 185 2630 banam
209 2566 318 2629 villam
342 2567 538 2630 convocavit.
584 2565 654 2630 Nec
680 2567 804 2630 minore
824 2568 958 2647 scelere,
982 2585 1079 2647 quam

67 2654 156 2737 quod
183 2655 294 2719 ulcisci
323 2654 500 2737 ridebatur,
531 2655 695 2719 absentem
723 2655 963 2737 inauditamque
993 2653 1079 2716 dam-

67 2745 158 2808 navit
181 2744 304 2825 incesti,
328 2764 401 2807 cum
425 2744 494 2826 ipse
518 2744 626 2808 fratris
650 2744 750 2807 filiam
779 2745 900 2807 incerto
923 2764 990 2806 non
1011 2742 1080 2824 pol-

66 2833 182 2896 luisset
196 2834 309 2914 solum,
323 2855 434 2896 verum
449 2833 546 2896 etiam
566 2832 747 2915 occidisset,
760 2855 835 2895 nam
849 2831 945 2894 vidua
964 2830 1080 2893 abortu

35 2943 56 2980 11
67 2922 173 3003 periit.
210 2920 302 2985 Missi
324 2921 434 2985 statim
452 2921 630 3004 pontifices,
651 2922 706 3004 qui
725 2920 947 2985 defodiendam
966 2939 1080 2983 necan-
1100 2933 1115 2980 7

24 3027 26 3070 1
69 3009 206 3092 damque
231 3013 385 3074 curarent.
431 3008 491 3075 Illa
518 3031 603 3074 nunc
628 3010 669 3073 ad
691 3009 837 3092 Vestam,
860 3029 946 3072 nunc
969 3007 1010 3071 ad
1032 3029 1080 3071 ce-

69 3102 154 3163 teros
171 3098 246 3163 deos
264 3120 377 3162 manus
396 3098 529 3163 tendens
545 3099 656 3181 multa,
671 3098 726 3163 sed
744 3099 807 3163 hoc
823 3097 1080 3181 frequentissime

70 3188 269 3251 clamitabat:
302 3187 370 3251 ‘Me
394 3185 508 3252 Caesar
532 3189 685 3252 incestam
708 3190 814 3271 putat,
838 3210 901 3271 qua
925 3208 1013 3252 sacra
1035 3187 1081 3249 fa-

24 3449 25 3452 ,
139 3402 157 3450 5
181 3397 264 3450 modo
283 3397 330 3451 hic
349 3400 387 3452 Μ
395 3399 453 3465 Vs,
472 3398 571 3469 stanpz
584 3403 645 3465 662,
664 3397 710 3452 hio
729 3398 812 3452 modo
831 3400 903 3469 vulp.
994 3403 1028 3451 20
1051 3398 1081 3450 in

72 3467 141 3534 FD,
157 3469 244 3534 KH,
262 3485 313 3523 om.
334 3471 372 3524 M
379 3470 480 3538 Vpra,
496 3470 564 3524 K.I.
637 3475 669 3523 21
691 3468 768 3523 (lom.
784 3469 970 3523 maximillam
987 3472 1081 3522 uesta-

71 3537 124 3592 lem
143 3540 330 3609 FRiccpra.
