2482 3942
123 39 186 103 152
558 39 585 95 C.
605 39 703 94 PLINI

122 204 261 287 pertinet
280 202 320 266 ad
339 206 429 266 tuam
444 205 580 288 gloriam
596 226 691 286 quam
712 205 888 267 maximum
912 204 1022 286 videri,
1041 226 1147 288 quam

87 292 284 376 aprcecedis
312 293 364 355 vel
391 314 556 376 exaequas.
602 292 762 376 Equidem
791 293 906 374 omnis,
935 294 991 375 qui
1015 293 1148 376 aliquid

121 382 157 444 in
180 381 293 444 studiis
316 379 449 462 faciunt,
472 383 616 446 venerari
634 383 729 445 etiam
755 381 928 464 mirarique
947 381 1044 446 soleo.
1075 382 1147 446 Est

122 470 206 534 enim
230 492 282 533 res
306 469 461 552 difficilis,
493 469 604 554 ardua,
636 469 817 552 fastidiosa,
851 473 884 534 et
908 492 987 554 quac
1016 492 1087 554 cos,
1124 495 1147 535 a

124 557 241 641 quibus
275 560 504 642 contemnitur,
536 559 674 628 invicem
708 563 900 624 contemnat.
949 558 1021 624 Nisi
1051 561 1145 624 forte
1183 586 1200 625 5

122 647 209 711 aliud
232 647 353 711 iudicas
375 651 420 711 tu.
468 646 669 732 Quamquam
694 649 765 731 quis
793 671 858 712 uno
886 653 919 713 to
941 651 1146 714 reverentior

87 736 217 801 shuius
242 737 355 819 operis,
380 737 451 820 quis
475 737 645 822 benignior
668 737 875 801 aestimator?
921 735 990 813 Qua
1012 739 1144 802 ratione

121 827 235 889 ductus
267 825 328 889 tibi
358 826 563 908 potissimum
593 826 848 912 indignationem
872 849 977 890 meam
1000 827 1144 910 prodidi,

124 936 219 998 quem
242 913 360 978 habere
384 916 507 980 socium
531 917 671 979 maxime
694 919 849 999 poteram.
895 915 983 979 Vale.

573 1079 683 1139 XVIII.
1162 1101 1196 1140 ro

387 1179 416 1226 C.
440 1180 579 1228 PLINIUS
604 1180 729 1228 SABINO
753 1179 818 1229 SUO
843 1180 868 1228 S.

85 1288 99 1334 1
187 1268 310 1355 Rogas,
346 1274 383 1334 ut
418 1291 513 1355 agam
541 1269 765 1335 Firmanorum
798 1270 962 1354 publicam
994 1291 1141 1354 causam3

120 1360 207 1443 quod
231 1380 307 1444 ego,
341 1381 536 1443 quamquam
559 1360 707 1443 plurimis
731 1359 995 1443 occupationibus
1019 1360 1140 1424 disten-

120 1453 189 1531 tus,
216 1448 351 1512 adnitar.
397 1445 501 1530 Cupio
530 1449 615 1512 enim
643 1451 675 1512 et
703 1449 940 1513 ornatissimam
974 1449 1138 1513 coloniam

120 1536 338 1601 advocationis
367 1537 475 1601 officio
504 1541 536 1602 et
565 1541 597 1601 tc
626 1537 809 1622 gratissimo
837 1537 897 1601 tibi
925 1558 1056 1601 munere
1080 1538 1138 1602 ob·
1160 1563 1193 1604 15

85 1627 287 1710 astringere.
323 1623 418 1708 Nam,
442 1647 516 1690 cum
539 1626 792 1689 familiaritatem
815 1631 968 1707 nostram,
991 1629 1028 1690 ut
1051 1625 1138 1691 soles

119 1713 310 1798 praedicare,
332 1713 372 1778 ad
386 1714 580 1798 praesidium
603 1718 890 1798 ornamentumque
914 1715 974 1778 tibi
993 1736 1138 1799 sumpse-

120 1803 178 1886 ris,
209 1801 292 1866 nihil
323 1807 385 1886 est,
418 1804 504 1887 quod
531 1825 648 1888 negare
678 1803 823 1883 debeam,
855 1805 1042 1887 praesertim
1073 1826 1136 1886 pro

119 1892 225 1976 patria
247 1893 378 1976 petenti.
425 1891 508 1968 Quid
531 1892 617 1956 cuim
640 1893 789 1976 precibus
813 1897 868 1958 aut
886 1892 1053 1957 honestius
1071 1894 1137 1976 piis

85 1985 177 2046 aaut
200 1981 362 2045 efficacius
385 1981 545 2045 amantis?
576 1981 715 2046 Proinde
738 1980 896 2047 Firmanis
920 1982 984 2046 tuis
1009 2003 1046 2046 ac
1068 1982 1135 2046 iam
1154 2009 1191 2049 ao

119 2071 228 2154 potius
251 2070 370 2134 nostris
394 2069 503 2156 obliga
525 2068 622 2134 fidem
645 2093 762 2154 meam3
786 2092 867 2154 quos
889 2071 1000 2135 labore
1018 2076 1050 2136 et
1069 2075 1137 2135 stu·
1235 2059 1236 2140 J

121 2159 173 2222 dio
192 2180 264 2223 meo
284 2159 399 2244 dignos
415 2179 486 2223 cum
507 2159 658 2242 splendor
671 2161 815 2243 ipsorum
830 2164 900 2224 tum
914 2161 978 2224 hoc
995 2160 1137 2226 maxime
1235 2213 1236 2240 p

119 2248 299 2332 pollicetur,
323 2248 410 2331 quod
433 2247 584 2313 credibile
608 2252 658 2312 cst
681 2249 821 2332 optimos
845 2271 923 2332 esse,
945 2251 1030 2314 inter
1053 2271 1136 2332 quos
1235 2295 1236 2304 η

118 2341 154 2401 tu
177 2337 251 2402 talis
274 2337 425 2401 extiteris.
471 2336 560 2402 Vale.

586 2503 664 2560 XIX.
1151 2525 1183 2566 as
1235 2483 1236 2502 i

383 2603 411 2650 O.
435 2603 573 2650 PLINIUS
597 2602 729 2651 NEPOTI
753 2602 819 2651 SUO
844 2602 870 2651 S.

83 2710 98 2757 1
187 2692 256 2758 Scis
279 2698 316 2757 tu
340 2694 509 2758 accessisse
531 2692 672 2776 pretium
697 2693 796 2779 agris,
827 2693 998 2778 praecipue
1022 2694 1133 2758 subur-
1235 2757 1236 2764 ,

118 2782 218 2846 banis.
266 2780 369 2845 Causa
392 2780 516 2847 subitae
540 2783 683 2846 caritatis
707 2804 758 2846 res
781 2783 893 2846 multis
924 2783 1047 2868 agitata
1070 2804 1132 2846 ser-

118 2871 276 2935 monibus.
300 2870 459 2934 Proximis
474 2870 614 2935 comitiis
628 2870 871 2935 honestissimas
889 2892 984 2936 voces
1003 2875 1131 2936 senatus

119 2961 288 3043 expressit:
322 2957 502 3023 ‘Candidati
525 2981 566 3022 ne
590 2961 813 3043 conviventur,
842 2982 883 3024 ne
906 2961 1038 3024 mittant
1063 2983 1132 3025 mu·
1147 2988 1180 3028 ao
1235 3009 1236 3018 η

83 3065 210 3131 ariera,
236 3070 277 3112 ne
299 3047 450 3131 pecunias
478 3048 660 3131 deponant’.
704 3048 757 3112 Ex
786 3049 902 3133 quibus
933 3049 996 3112 duo
1025 3049 1131 3132 priora
1235 3043 1236 3050 ἵ

119 3141 185 3201 tam
205 3139 314 3218 aperte
334 3159 429 3219 quam
448 3137 619 3201 immodice
637 3137 766 3221 fiebant,
784 3137 848 3202 hoc
861 3138 1004 3222 tertium,
1022 3159 1131 3222 quam·
1235 3135 1236 3138 '

83 3349 89 3362 '
190 3343 314 3397 aomnis
328 3346 367 3410 D,
386 3360 481 3399 omnes
499 3349 556 3401 rell.
581 3348 628 3400 Ad
637 3365 667 3415 p.
680 3352 722 3401 17.
731 3352 776 3403 28.
832 3355 866 3404 24
885 3348 1011 3402 extiteris
1026 3349 1130 3418 Dprc,

119 3415 200 3468 ΚΠ
217 3415 299 3482 (disp.
314 3417 441 3483 IISaq),
458 3418 574 3472 moreris
595 3420 638 3485 M,
652 3419 721 3472 K.1.
