2468 3938
970 7 1131 310 d

112 311 277 391 orantur,
313 308 348 372 in
384 309 543 392 optimum
580 330 739 393 quemque
777 312 912 392 contorq
953 309 1056 372 batur.
1113 307 1162 372 De

145 398 241 462 huius
264 398 410 481 nequitia
432 397 710 484 sanguinariisque
734 399 901 462 sententiis
992 417 1161 462 commune

146 508 256 551 omnes
280 509 376 571 super
398 507 509 551 cenam
532 487 761 570 loquebantur,
784 507 857 550 cum
880 487 893 550 i
932 509 950 551 e
972 487 1161 570 imperator:

145 573 246 651 ‘Quid
268 579 420 659 putamus
438 597 607 660 passurum
629 575 738 657 fuisse,
762 576 789 640 si
812 576 885 640 rive
920 574 971 640 t‘l’
1008 575 1054 640 Et
1071 575 1161 640 Mau-

143 665 242 728 ricus:
267 663 462 729 ‘Nobiscum
485 665 632 729 cenaret'
1191 692 1203 732 a

110 768 125 816 ⁷
211 751 356 838 Longius
384 754 463 836 abii,
490 754 593 818 libens
621 757 737 818 tamen.
782 751 860 818 Plac
896 757 910 818 t
941 774 1046 839 agona
1078 755 1161 837 tolli,

144 841 200 925 qui
214 863 319 907 mores
333 840 565 907 Viennensium
583 842 737 906 infecerat
751 846 788 906 ut
804 864 864 907 nos
897 866 915 906 r
932 841 986 906 hic
1005 843 1160 906 omnium.

142 929 228 995 Nam
256 929 487 996 Viennensium
517 932 597 996 vitia
626 932 711 996 intra
740 932 829 1015 ipsos
859 929 1018 1013 residunt,
1047 935 1160 996 nostra

141 1020 208 1083 late
230 1024 397 1105 vagantur,
420 1025 519 1104 utque
542 1021 578 1084 in
600 1021 789 1104 corporibus
810 1020 911 1085 sicin
927 1020 1063 1103 imperio
1089 1041 1160 1106 gra-

142 1108 293 1174 vissimus
317 1113 366 1174 est
388 1110 528 1193 morbus,
552 1110 608 1193 qui
631 1132 650 1172 a
673 1111 777 1193 capite
801 1109 833 1172 di
904 1109 999 1192 ditur.
1023 1107 1114 1174 Vale.
1190 1138 1203 1178 o

595 1272 705 1332 XXIII.

317 1373 345 1422 c.
369 1375 507 1423 annuos
532 1374 714 1423 ronroruo
737 1375 844 1423 nasso
869 1374 935 1424 suo
961 1374 988 1423 a.

108 1479 122 1527 1
208 1464 360 1549 Magnam
392 1466 462 1549 cepi
494 1467 708 1549 voluptatem,
746 1485 819 1529 cum
856 1487 896 1529 ex
932 1465 1160 1532 communibus

142 1553 254 1617 amicis
287 1553 424 1638 cognovi
456 1557 497 1636 te,
530 1557 566 1617 ut
599 1554 756 1638 sapientia
787 1557 843 1618 tua
876 1553 1010 1640 dignum
1038 1558 1096 1639 est,
1126 1558 1160 1620 et

142 1641 311 1726 disponere
344 1643 446 1706 otium
484 1646 517 1706 et
547 1643 644 1726 ferre,
680 1639 826 1707 habitare
863 1642 1088 1708 amoenissima
1125 1649 1160 1708 et
1175 1672 1200 1712 ιε

141 1751 227 1794 nunc
250 1734 343 1813 terra,
365 1752 451 1794 nunc
473 1733 555 1796 mari
579 1753 694 1815 corpus
723 1732 854 1817 agitare,
881 1733 1021 1796 multum
1049 1731 1159 1816 dispu-

141 1823 223 1902 tare,
250 1820 389 1883 multum
417 1820 540 1904 audire,
567 1822 706 1885 multum
735 1821 894 1904 lectitare,
922 1841 1059 1905 cumque
1086 1823 1159 1906 plu·

106 1908 261 1972 trimum
285 1909 375 1992 scias,
398 1910 515 1974 cotidie
538 1913 647 1974 tamen
669 1909 792 1992 aliquid
820 1908 991 1976 addiscere.
1036 1909 1086 1976 Ita
1109 1933 1159 1976 se·

141 2018 269 2062 nascere
301 2001 428 2082 oportet
459 1999 578 2082 virum,
611 1999 666 2084 qui
698 1999 906 2084 magistratus
939 2000 1158 2083 amplissimos

141 2087 283 2171 gesserit,
316 2088 473 2153 exercitus
505 2089 624 2152 rexerit
655 2090 825 2172 totumque
857 2110 890 2153 se
921 2089 969 2152 rei
997 2088 1157 2172 publicae,
1173 2117 1198 2156 so

107 2189 239 2258 aquam
273 2176 327 2240 diu
360 2176 504 2260 decebat,
537 2177 698 2242 obtulerit.
752 2175 837 2242 Nam
871 2181 903 2242 et
933 2177 1037 2262 prima
1069 2178 1157 2242 ritae

141 2267 287 2348 tempora
306 2269 338 2329 et
355 2265 460 2330 media
482 2267 614 2350 patriae,
638 2269 779 2331 extrema
801 2267 896 2332 nobis
915 2266 1079 2350 impertire
1102 2266 1157 2331 de-

141 2353 262 2437 bemus,
294 2358 331 2419 ut
363 2355 450 2438 ipsae
482 2357 569 2441 leges
601 2359 742 2437 monent,
770 2377 851 2438 quae
879 2356 1033 2421 maiorem
1061 2357 1155 2421 annis

105 2459 122 2506 4
141 2443 208 2506 otio
226 2442 372 2508 reddunt.
404 2442 536 2521 Quando
556 2444 637 2508 mihi
655 2443 774 2527 licebit,
793 2444 920 2527 quando
939 2467 997 2528 per
1014 2448 1154 2509 aetatem

140 2530 311 2597 honestum
339 2533 401 2597 erit
426 2535 546 2598 imitari
573 2533 660 2597 istud
692 2532 925 2616 pulcherrimae
953 2533 1071 2618 quietis
1102 2555 1155 2598 ex·
1169 2561 1192 2602 se

140 2621 304 2705 emplum?
337 2621 464 2704 quando
498 2643 639 2687 secessus
671 2622 735 2686 mei
761 2643 828 2686 non
855 2622 995 2688 desidiae
1026 2644 1156 2706 nomeu,

140 2710 196 2774 sed
218 2711 462 2793 tranquillitatis
486 2712 666 2795 accipient?
711 2709 801 2776 Vale.

590 2875 697 2934 xxlv.

328 2975 355 3024 c.
378 2977 517 3024 annuus
542 2976 646 3024 ramo
670 2977 824 3052 vannum
848 2976 912 3024 suo
938 2978 964 3025 s.
1011 3043 1015 3053 Ι

105 3082 119 3131 1
205 3065 355 3131 Proxime
388 3087 460 3131 cum
493 3066 578 3150 apud
610 3068 826 3131 centumviros
864 3067 912 3148 [in
948 3067 1191 3152 quadruplicia

139 3154 272 3239 iudicio]
296 3155 457 3238 dixissem,
481 3157 581 3220 subiit
602 3155 780 3220 recordatio
801 3156 905 3242 egisse
927 3178 979 3220 me
1002 3157 1152 3221 iuvenem

103 3263 239 3328 aaeque
262 3245 297 3307 in
320 3245 530 3329 quadruplici.
568 3244 729 3310 Processit
752 3245 887 3326 animus,
910 3248 947 3308 ut
969 3246 1059 3327 solet,
1083 3246 1154 3310 lon·
1223 3232 1224 3267 l

138 3334 224 3420 gius3
248 3334 340 3416 coepi
362 3338 518 3417 reputare,
542 3356 622 3418 quos
645 3335 680 3397 in
702 3336 764 3398 hoc
786 3334 916 3416 iudicio,
938 3355 1017 3418 quos
1041 3335 1076 3398 in
1093 3335 1153 3400 illo
1222 3429 1223 3432 Ἴ

212 3531 246 3580 30
265 3527 296 3582 in
310 3524 407 3594 quadr.
422 3526 479 3580 iud.
499 3543 549 3581 om.
565 3527 634 3591 FR,
650 3526 730 3591 Oort,
749 3525 848 3597 Stangl
862 3529 924 3591 675,
942 3533 1032 3582 cacat
1044 3529 1103 3582 rell.

1215 3823 1221 3919 l
