2468 3938
557 141 585 196 Ο,
604 141 701 195 PLINI

550 310 613 368 XV.
653 310 688 369 X.

293 411 322 458 0.
337 410 485 458 PLINIUS
508 410 614 458 ARRIO
638 307 821 459 itNiONINO
846 409 911 458 SUO
937 409 963 457 S.

85 516 101 565 1
187 499 267 566 (lum
286 522 397 566 versus
417 505 490 566 tuos
514 502 665 585 aemulor,
688 505 758 565 tum
782 501 929 583 maxime,
954 521 1050 584 quam
1070 499 1141 564 sint

119 591 206 674 boni,
229 590 384 674 experior.
422 587 467 655 Ut
486 591 571 653 enim
588 591 728 673 pictores
751 589 921 673 pulchram
939 589 1139 653 absolutam·

120 702 182 764 que
211 679 327 744 faciem
357 699 429 742 raro
459 678 523 742 nisi
549 678 585 742 in
611 679 703 762 peius
735 679 908 764 effingunt,
940 679 987 743 ita
1009 698 1070 762 ego
1094 677 1140 742 ab
1172 702 1186 742 s

85 768 183 833 ahoc
206 767 386 920 archetypp
405 767 498 831 labor
520 771 552 831 et
575 767 695 833 decido.
737 766 808 843 Quo
827 768 930 853 magis
953 767 1076 850 hortor,
1098 767 1140 831 'ut

122 878 218 940 quam
246 856 366 940 plurim
416 858 578 940 proferas,
611 879 692 941 quae
721 857 844 920 imitari
876 877 987 920 omnes
1020 876 1140 920 concn-

121 947 255 1030 piscant,
277 967 372 1010 11111
397 948 452 1009 111
475 946 662 1028 paucissimi
685 946 819 1029 possint.
865 944 955 1010 Vale.

589 1110 668 1168 XVI.

233 1211 262 1260 0.
285 1211 425 1259 PLINIUS
448 1210 636 1258 AEFULANO
659 1211 886 1258 MARCELLINO
912 1209 977 1258 SUO
1001 1210 1028 1258 S.
1155 1219 1187 1258 10

87 1316 101 1364 1
188 1299 403 1366 Tristissimus
433 1300 513 1365 haec
542 1300 603 1364 tibi
633 1300 737 1365 scribo
761 1299 908 1365 Fundani
937 1299 1041 1365 nostri
1069 1299 1139 1364 filia

122 1391 245 1455 minore
273 1391 436 1473 defuncta,
464 1411 528 1472 qua
550 1389 658 1472 puella
685 1389 768 1454 nihil
794 1411 949 1473 umquam
979 1388 1139 1472 festivius,

123 1479 292 1546 amabilius
315 1499 375 1542 nec
396 1479 493 1543 modo
512 1478 659 1564 longiore
676 1480 752 1563 vita,
776 1479 831 1543 sed
852 1501 953 1562 prope
972 1478 1139 1542 immorta-

87 1568 215 1632 2litate
238 1567 368 1653 dignius
391 1567 466 1631 vidi.
498 1566 652 1631 Nondum
675 1588 775 1632 annos
800 1567 1058 1651 quattuordecim
1077 1568 1138 1631 im·

122 1658 281 1742 pleverat,
313 1661 346 1720 et
367 1657 432 1719 iam
455 1655 504 1720 illi
527 1657 621 1720 anilis
644 1656 827 1741 prudentia,
855 1657 1043 1721 matronalis
1068 1677 1186 1741 gra-15

65 1823 72 1835 .
123 1747 206 1809 vitas
237 1749 305 1809 erat
334 1749 498 1809 ettamen
528 1746 668 1810 suavitas
698 1745 851 1829 puellaris
881 1767 955 1810 cum
984 1745 1139 1830 virginali

89 1835 322 1899 3verecundia.
366 1832 413 1898 Ut
441 1833 497 1898 illa
524 1835 625 1917 patris
656 1834 832 1899 cervicibus
864 1834 1064 1898 inhaerebat!
1100 1838 1139 1898 ut

123 1944 183 1987 nos
220 1925 338 1987 amicos
375 1926 526 2006 paternos
563 1927 595 1986 et
627 1927 772 1987 amanter
808 1927 840 1987 et
871 1924 1015 1987 modeste
1052 1943 1138 1988 com-

123 2012 336 2096 plectebatur!
366 2015 403 2075 ut
425 2013 574 2096 nutrices,
597 2015 634 2075 ut
656 2012 869 2098 paedagogos,
893 2016 929 2076 ut
952 2015 1138 2096 praecepto·
1199 2021 1214 2050 ’

123 2105 174 2164 'res
196 2123 255 2185 pro
279 2122 338 2165 suo
362 2122 521 2184 quemque
545 2100 652 2164 officio
677 2101 845 2188 diligebat!
869 2123 965 2184 quam
984 2101 1139 2184 studiose,
1154 2127 1187 2167 so

125 2211 221 2273 quam
255 2190 480 2276 intellegenter
501 2189 683 2254 lectitabat!
720 2194 756 2254 ut
788 2212 883 2274 parce
916 2189 1139 2272 custoditeque

124 2278 268 2343 ludebat!
293 2278 363 2355 Qua
381 2277 436 2343 illa
454 2279 676 2363 temperantia,
696 2301 759 2363 qua
776 2277 941 2364 patientia,
961 2300 1025 2362 qua
1039 2279 1138 2342 etiam

89 2382 107 2428 4
126 2367 306 2432 constantia
328 2367 536 2432 novissimam
559 2369 775 2432 valetudinem
798 2369 886 2432 tulit!
923 2366 1057 2432 Medicis
1082 2367 1139 2432 ob-

126 2456 1139 2610 11111111111111111111
1153 2570 1184 2612 2.

91 2634 264 2699 cDuravit
295 2633 350 2698 hic
380 2569 429 2698 ilrli
460 2656 562 2718 usque
590 2636 630 2698 ad
657 2569 835 2698 excicmum
862 2655 921 2699 nec
949 2638 1006 2698 aut
1033 2635 1138 2718 spatio

125 2723 318 2789 valetudinis
342 2727 397 2788 aut
420 2727 509 2787 metu
531 2725 644 2788 mortis
668 2723 822 2788 infractus
846 2727 908 2807 est,
941 2743 1005 2807 quo
1029 2723 1139 2806 plures

127 2814 353 2897 gravioresque
379 2813 474 2877 nobis
502 2834 613 2878 causes
640 2811 835 2896 relinqueret
868 2816 900 2876 11
928 2811 1076 2877 desiderii
1107 2816 1140 2876 et

92 2902 255 2966 edoloris.
300 2899 327 2965 Ο
357 2902 449 2966 triste
479 2902 573 2985 plane
603 2902 815 2985 acerbumque
844 2903 955 2967 funus!
989 2922 1007 2964 ο
1034 2906 1140 2966 morte

126 2989 197 3072 ipsa
232 2991 346 3055 mortis
382 2995 509 3074 tempus
546 2991 724 3076 indignius!
765 2992 830 3055 iam
872 2990 1030 3054 destinata
1071 2995 1141 3055 erat
1154 3015 1185 3058 so

127 3079 255 3164 egregio
279 3080 402 3164 iuveni,
435 3081 499 3144 iam
523 3081 642 3146 electus
665 3079 852 3164 nuptiarum
875 3080 959 3162 dies,
991 3079 1054 3142 iam
1078 3101 1139 3145 nos

93 3168 239 3231 rvocati.
265 3166 357 3243 Quod
376 3170 528 3254 gaudium
548 3191 612 3252 quo
626 3190 770 3233 maerore
789 3172 949 3233 mutatum
969 3169 1030 3232 est!
1062 3164 1140 3233 Non

126 3275 258 3337 possum
283 3257 460 3339 exprimere
483 3258 603 3340 verbis,
632 3260 788 3342 quantum
817 3259 924 3322 animo
948 3257 1065 3321 vulnus
1087 3279 1138 3322 ae-

128 3343 279 3426 ceperim,
312 3365 385 3408 cum
408 3346 516 3409 audivi
537 3344 729 3411 Fundanum
753 3349 873 3431 ipsum,
904 3350 942 3410 ut
964 3347 1068 3410 multa
1089 3346 1138 3410 lu-

201 3520 234 3568 10
252 3515 447 3572 AEFULANO
466 3521 531 3574 add.
550 3537 584 3575 11
601 3522 639 3578 R.
712 3526 745 3575 14
764 3521 924 3590 expleverat
942 3523 1026 3590 Dpr.
1053 3543 1056 3548 ·
