2468 3938
338 137 651 192 urrsrucrauuiv
671 144 712 206 ιι,
733 144 773 192 ιι.
1017 108 1060 202 95

47 301 144 382 fama,
167 322 233 363 non
257 300 409 364 ordinem.
446 300 580 384 Mereor,
605 305 642 364 ut
665 302 816 384 vicissim,
845 301 922 383 quid
949 302 984 365 in
1007 317 1116 386 op-1c

48 388 125 472 pido
140 392 207 472 tuo,
223 389 300 472 quid
319 390 353 452 in
370 390 517 454 finitimis
537 394 651 476 agatur
670 389 789 477 (solent
803 391 887 454 enim
906 390 1062 473 quaedam

48 478 208 541 notabilia
232 475 395 564 incidere),
418 480 605 563 perscribas,
625 479 770 562 denique,
790 478 946 562 quidquid
965 479 1063 562 voles,

49 567 126 630 dum
155 565 252 630 modo
279 589 345 631 non
372 567 478 633 minus
506 570 604 654 longa
631 569 781 652 epistula,
808 569 944 632 nunties.
990 566 1062 654 Ego

23 677 115 720 anon
146 656 281 741 paginas
318 659 458 740 tantum,
495 657 550 721 sed
586 679 696 722 versun
729 658 826 721 etiam
860 657 1064 740 syllabasque

46 745 235 808 numerabo,
281 743 370 809 Vale.

220 1009 247 1056 ο.
271 1009 410 1057 Pcmms
434 1011 579 1070 maruno
603 1011 757 1058 numano
782 1010 846 1058 suo
871 1011 898 1058 S.

116 1097 218 1163 Amas
249 1099 426 1185 Egnatium
462 1099 685 1165 Marcellinum
722 1105 819 1184 atque
854 1102 950 1164 etiam
983 1101 1096 1165 mihil

13 1216 34 1254 ro
48 1211 146 1272 saepe
173 1188 389 1272 commendas3
417 1190 539 1254 amabis
566 1191 670 1276 magis
698 1189 1013 1273 commendabisque,
1037 1191 1065 1253 si

47 1277 241 1363 cognoveris
274 1278 341 1342 eius
373 1299 482 1342 recens
514 1278 645 1342 factum.
692 1277 772 1343 Cum
805 1279 839 1341 in
865 1279 1099 1362 provinciama

47 1370 205 1451 quaestor
227 1367 344 1438 exisset
368 1367 582 1451 scribamque,
607 1369 662 1451 qui
690 1369 770 1433 sorti
794 1368 972 1453 obtigerat,
990 1371 1064 1430 ante

46 1456 235 1541 legitimum
267 1456 375 1520 salarii
406 1459 533 1540 tempus
565 1458 740 1540 amisisset,
778 1456 864 1540 quod
901 1460 1065 1540 acceperat

6 1555 7 1570 ¹
48 1545 177 1610 scribae
201 1543 341 1628 daturus,
364 1545 524 1609 intellexit
547 1549 579 1609 et
602 1548 716 1610 statuit
739 1545 902 1611 subsidere
925 1545 1010 1630 apud
1031 1567 1065 1609 se

6 1660 35 1754 ,a
49 1656 120 1697 non
144 1637 299 1716 oportere.
344 1632 458 1717 Itaque
484 1657 630 1700 reversus
658 1634 834 1718 Caesarem,
857 1634 971 1699 deinde
990 1632 1065 1697 Cae·
1085 1649 1100 1695 3

50 1745 123 1786 sare
153 1724 282 1786 auctore
311 1727 455 1787 senatum
484 1725 654 1807 consuluit,
683 1723 761 1807 quid
787 1724 858 1787 fieri
886 1724 924 1787 de
950 1724 1064 1788 salario

48 1813 160 1875 vellet.
206 1809 308 1876 Parva
332 1813 486 1896 quaestio,
515 1813 570 1877 sed
593 1817 701 1876 tamen
725 1813 878 1896 quaestio.
924 1811 1066 1876 Heredes

50 1899 177 1964 scribae
201 1900 272 1983 sibi,
294 1901 447 1984 praefecti
471 1903 571 1965 aerari
593 1903 714 1986 populo
732 1901 946 1965 vindicabant.
982 1898 1066 1964 Acta
1084 1917 1101 1962 4

50 2010 151 2053 causa
183 1992 245 2072 est;
278 1989 360 2053 dixit
390 1990 543 2054 heredum
580 1991 767 2073 advocatus,
800 1990 913 2054 deinde
944 1989 1067 2073 populi,

16 2105 37 2140 a
51 2083 189 2160 uterque
212 2078 445 2161 percommode.
482 2076 637 2144 Caecilius
658 2076 774 2143 Strabo
798 2080 918 2143 aerario
943 2079 1067 2143 censuit

51 2166 265 2249 inferendum,
283 2165 422 2232 Baebius
438 2167 546 2232 Macer
563 2168 734 2232 heredibus
753 2168 907 2251 dandum3
926 2168 1067 2232 obtinuit

51 2254 181 2319 Strabo
227 2254 276 2318 Tu
307 2256 403 2319 lauda
429 2256 665 2340 Marcellinum,
695 2261 732 2320 ut
764 2279 823 2342 ego
857 2258 965 2321 statim
995 2258 1102 2320 fecit

52 2343 209 2420 Quamvis
233 2345 318 2408 enim
429 2345 468 2408 de
479 2346 627 2418 sufficiat
645 2347 703 2428 illi,
722 2345 808 2429 quod
827 2350 876 2410 est
894 2349 927 2410 et
945 2369 963 2409 a
981 2347 1067 2429 prin-

52 2435 125 2516 cipe
151 2436 183 2496 et
206 2456 225 2496 a
248 2455 324 2497 sena
443 2434 547 2517 batus,
571 2434 723 2520 gaudebit
750 2439 858 2499 tamen
881 2435 1066 2499 testimonio

6 2548 38 2590 ris
53 2527 120 2586 tuo.
146 2519 265 2586 Omnes
284 2523 379 2604 enim,
398 2525 454 2606 qui
473 2525 576 2609 gloria
593 2524 743 2607 famaque
763 2524 931 2607 ducuntur,
949 2524 1067 2586 mirum
1087 2538 1102 2584 6

54 2613 89 2673 in
107 2611 242 2674 modum
261 2610 407 2676 adsensio
431 2617 463 2676 et
481 2615 551 2677 laus
570 2635 589 2676 a
607 2613 785 2678 minoribus
805 2613 901 2677 etiam
924 2613 1067 2696 profecta

54 2699 202 2764 delectat.
248 2699 293 2764 Te
316 2703 391 2764 vero
415 2699 620 2766 Marcellinus
648 2703 694 2765 ita
721 2706 856 2784 veretur,
884 2705 921 2765 ut
948 2701 1066 2764 iudicio

54 2793 113 2852 tuo
136 2789 312 2872 plurimum
341 2790 470 2854 tribuat.
514 2788 649 2855 Accedit
675 2791 740 2875 his,
769 2791 868 2874 quod,
896 2792 924 2854 si
951 2805 1102 2874 cogno-7

55 2878 140 2940 verit
165 2878 288 2941 factum
317 2899 411 2943 suum
439 2881 500 2944 isto
529 2901 631 2962 usque
653 2883 845 2963 penetrasse,
868 2900 995 2944 necesse
1019 2882 1068 2943 est

6 2989 41 3096 po
54 2966 160 3030 laudis
184 2988 260 3031 suae
284 2968 387 3050 spatio
411 2972 444 3032 et
467 2989 561 3033 cursu
589 2973 621 3032 et
643 2969 899 3055 peregrinatione
922 2970 1066 3032 laetetur.

56 3054 188 3118 Etenim
220 3057 327 3120 nescio
360 3078 424 3140 quo
456 3061 550 3141 pacto
583 3059 634 3121 vel
666 3059 768 3144 magis
800 3058 947 3122 homines
979 3058 1069 3120 iuvat

6 3223 7 3228 η
57 3145 160 3229 gloria
183 3145 249 3208 lata
272 3166 368 3227 quam
390 3141 516 3232 magna.
562 3146 651 3211 Vale.

6 3325 7 3328 ¹
131 3301 281 3356 4nunties
301 3302 406 3371 Fpra‚
430 3303 530 3357 nuntia
550 3305 588 3358 M
595 3305 661 3369 VD,
681 3305 719 3357 K.
793 3307 825 3356 18
849 3303 957 3357 aerario
980 3320 1069 3371 popu-

58 3372 143 3438 loque
161 3373 266 3442 Fpra,
286 3373 404 3442 (aerario
422 3375 527 3444 populo
545 3377 594 3444 D),
613 3377 654 3430 vel
666 3376 706 3430 sic
719 3376 760 3428 vel
778 3375 879 3430 aerarii
898 3374 1005 3428 aerario
1019 3390 1070 3442 po-

6 3511 7 3519 ,
58 3442 182 3512 poloque
201 3445 252 3512 (sic
272 3445 401 3513 Ouaaub.)
424 3447 484 3500 Otto
498 3451 559 3500 300.
651 3451 683 3498 Ἡ
706 3449 818 3500 veretur
837 3446 898 3500 FD
909 3447 1069 3513 Riccpra,

6 3533 8 3608 ,
60 3515 144 3568 ΚΠ
154 3516 267 3585 (dispI
272 3533 302 3585 p.
314 3521 369 3585 19),
387 3533 472 3570 rever.
494 3519 532 3572 M
540 3519 569 3584 V,
585 3518 653 3570 KJ.
683 3517 723 3584 Os.
735 3519 846 3572 V12.1.
