2480 3942
156 137 223 203 274
474 137 501 192 Ο.
521 137 619 192 PLINI
636 137 684 192 ET
703 137 855 192 TRAIANI

155 307 240 367 teres
264 306 296 366 et
318 303 352 364 in
374 303 460 366 hunc
483 306 515 366 et
537 303 572 366 in
595 323 659 384 ecs,
686 301 715 365 si
738 302 793 384 qui
815 301 898 366 forte
922 301 957 365 in
979 301 1079 364 simili
1103 323 1173 365 con·
1221 379 1222 384 γ

157 392 280 454 dicione
302 391 528 455 invenirentur.
560 389 732 454 Decretum
755 387 847 454 Calvi
869 394 901 454 11
924 389 1074 474 edictum,
1097 392 1172 455 item
1221 393 1222 438 1

157 481 316 544 decretum
340 479 433 544 Bassi
455 480 506 546 his
529 480 645 544 litteris
669 479 796 544 subieci.
1221 477 1222 482 ’

544 643 637 705 nun
662 638 781 723 [oxu]
852 637 861 678 1
996 685 999 694 ,

499 745 672 794 1111111111
696 744 825 792 eunuc.
1193 758 1203 798 1

120 853 133 899 1
221 833 305 912 Quid
334 836 369 900 in
391 853 527 919 persona
554 856 665 898 eorum
693 835 897 900 statuendum
927 834 983 919 sit,
1015 835 1080 918 qui¹
1095 857 1115 898 a
1136 833 1170 900 P.

155 922 289 990 Servilio
309 922 407 988 calvo
430 924 621 1007 proconsule
644 925 678 986 in
700 925 873 988 triennium
891 924 1026 1010 relegati
1044 927 1077 988 et
1094 945 1171 988 mox

154 1014 295 1077 eiusdem
340 1014 443 1077 edicto
483 1013 625 1076 restituti
661 1013 695 1076 in
735 1013 901 1095 provincia
940 1018 1170 1095 remanserumt,

153 1104 298 1186 proxime
320 1103 382 1166 tibi
403 1102 586 1186 rescribam,
609 1122 681 1166 cum
705 1122 817 1165 causas
841 1103 908 1166 eins
931 1101 1010 1166 facti
1032 1123 1052 1164 a
1071 1099 1169 1166 Calvo
1221 1095 1222 1116 ¹

118 1208 133 1255 1
152 1193 336 1275 requisiero.
371 1189 445 1267 ‘Qui
468 1213 487 1254 a
509 1189 591 1254 Iulio
614 1189 716 1254 Basso
739 1191 773 1253 in
795 1196 986 1274 perpetuum
1008 1191 1169 1276 relegatus
1183 1220 1203 1260 11

152 1285 209 1366 111,
232 1302 305 1345 cum
328 1302 386 1363 per
409 1280 574 1344 biennium
597 1278 713 1365 agendi
739 1279 925 1344 facultatem
952 1279 1116 1363 habuerit,
1144 1280 1170 1344 si

153 1370 357 1436 existimabat
381 1390 414 1432 se
432 1369 549 1434 iniuria
566 1369 752 1453 relegatum,
774 1389 879 1451 neque
897 1368 930 1433 id
943 1368 1054 1432 fecerit
1073 1372 1169 1452 atque
1219 1365 1222 1436 1

151 1460 185 1523 in
208 1459 372 1542 prouincia
394 1458 513 1522 morari
531 1458 749 1540 perseverarit,
771 1459 898 1522 vinctus
916 1458 1003 1522 mitti
1021 1456 1062 1520 ad
1080 1479 1170 1540 pree
1221 1471 1222 1530 1

151 1547 253 1612 fectos
275 1547 429 1631 praetorii
454 1547 518 1610 mci
546 1545 648 1610 debet.
693 1545 806 1629 Neque
834 1548 919 1610 enim
947 1545 1066 1612 sufficit
1096 1567 1168 1610 eum
1221 1593 1222 1598 η

151 1657 273 1719 poenae
297 1657 373 1700 suae
394 1635 530 1718 restitui,
554 1657 651 1718 quam
674 1636 873 1700 contumacia
896 1636 1001 1700 elusit.
1180 1665 1204 1703 1⁵

524 1799 631 1859 ivm
658 1793 793 1880 [cxvi]
994 1875 998 1882 ¹

351 1901 378 1948 G.
403 1900 542 1949 PLINIUS
567 1900 721 1948 TRAIANO
744 1900 971 1954 IMPERATORI.
1015 1921 1019 1929 ·

117 2008 131 2056 1
220 1988 299 2056 Cum
323 1992 453 2056 citarem
475 1991 604 2074 iudices,
628 1990 765 2074 domine,
787 1994 981 2054 conventum
1002 1990 1168 2055 inchoatu·

150 2103 219 2164 rus,
250 2079 380 2144 Flavius
410 2078 594 2162 Archippus
623 2079 824 2144 vacationem
853 2084 963 2163 petere
994 2079 1101 2162 coepit
1132 2085 1168 2142 nt
1221 2087 1222 2158 i

115 2186 130 2233 2
150 2169 372 2253 philosophus.
404 2167 557 2251 Fuenmt,
581 2169 637 2252 qui
660 2168 799 2233 dicerent
821 2186 889 2231 non
911 2169 1008 2234 modo
1030 2168 1168 2233 liberan-
1181 2195 1222 2266 11,

151 2259 227 2323 dnm
250 2278 323 2322 enm
345 2257 506 2322 indicandi
528 2257 727 2340 necessitate,
753 2257 810 2322 sed
833 2258 964 2322 omnino
987 2256 1167 2322 tollendum
1221 2279 1222 2282 ¹

79 2425 88 2440 ι
150 2348 189 2411 de
207 2346 348 2412 iudicum
365 2368 497 2411 numero
516 2346 774 2430 reddendumque
792 2367 923 2429 poenae,
942 2368 1039 2430 quam
1056 2346 1168 2412 tractis
1221 2337 1222 2430 1

115 2436 287 2500 avinculis
320 2436 482 2500 evasisset.
527 2433 674 2500 Recitata
706 2438 755 2499 ast
787 2436 944 2500 sententie
973 2433 1049 2499 Veli
1074 2434 1169 2499 Pauli
1221 2433 1222 2484 5

150 2525 365 2609 proconsulis,
397 2545 461 2607 qna
487 2525 685 2607 probabatur
714 2522 899 2608 Archippus
931 2523 1062 2588 crimine
1094 2524 1170 2588 falsi

151 2614 319 2678 damnatus
342 2613 376 2677 in
399 2614 575 2678 metallum.
620 2611 680 2678 Ille
702 2613 784 2692 nihil
806 2613 1003 2697 proferebat,
1033 2634 1098 2697 quo
1121 2634 1222 2728 1111,

152 2704 300 2768 stitutum
323 2723 357 2766 se
381 2701 521 2787 dooeret3
549 2703 719 2788 adlegabat
745 2705 853 2766 tamen
880 2722 939 2784 pro
962 2703 1169 2766 restitutione

152 2796 184 2856 et
206 2792 352 2857 libellum
376 2813 394 2854 a
418 2813 451 2856 se
470 2790 655 2856 Domitiano
679 2791 789 2855 datum
812 2795 845 2854 et
868 2791 1021 2874 epistulas
1040 2791 1109 2856 eius
1129 2791 1170 2856 ad

148 2880 306 2946 honorem
339 2901 433 2946 suum
463 2881 658 2964 pertinentes
695 2884 727 2944 et
759 2880 918 2944 decretum
950 2879 1169 2946 Prusensium.

151 2968 300 3035 Addebat
326 2969 377 3034 his
401 2973 433 3033 et
459 2974 532 3034 tuas
559 2971 682 3035 litteras
710 2969 843 3052 scriptas
874 2968 945 3052 sibi,
975 2968 1113 3034 addebat
1137 2973 1170 3033 et

149 3059 250 3142 patris
277 3059 326 3122 tui
350 3058 488 3122 edictum
521 3062 552 3123 et
582 3059 765 3142 epistulam,
798 3057 914 3142 quibus
947 3057 1169 3124 confirmasset
1182 3085 1204 3125 11

116 3163 132 3210 4
151 3148 304 3212 beneficia
319 3146 531 3212 aDomitianc
547 3147 628 3212 data.
651 3145 772 3231 ltaque,
783 3147 928 3230 quamvis
943 3147 1045 3210 cidem
1060 3151 1093 3212 et
1106 3148 1171 3212 alia

152 3237 283 3300 crimine
302 3236 548 3320 applicarentur,
569 3237 651 3300 nihil
674 3237 905 3300 decernendum
923 3237 1044 3319 putari,
1067 3237 1171 3302 donec

222 3448 256 3496 20
276 3433 333 3498 nim
351 3445 435 3500 modo
453 3463 481 3512 a,
499 3462 555 3500 non
574 3447 612 3500 K.
685 3451 717 3499 31
740 3448 769 3500 11
788 3446 845 3500 ulia
863 3445 961 3501 Marto.
979 3445 1170 3504 1111111216

155 3514 202 3580 (cf.
220 3530 261 3582 ep.
275 3518 310 3569 60
329 3515 354 3568 11
372 3516 441 3586 quid
459 3515 503 3570 illi
520 3517 585 3572 novi
604 3516 728 3572 oriminis
747 3517 891 3586 obicitur),
909 3515 981 3572 talia
998 3519 1072 3588 vulp.
1160 3597 1164 3604 ν
