2458 3940
139 151 204 216 352
577 152 605 206 Ο.
624 153 723 206 PLINI

139 315 249 402 gentia
279 319 335 380 tua
364 316 570 380 necessitates
603 318 789 382 aemuletur.
841 316 940 383 Modo
972 321 1161 401 praetextas
1216 355 1217 370 2

140 408 306 488 exuerant3
324 408 501 490 resumant;
520 405 616 469 modo
630 405 862 472 lictoressbire
876 408 1048 492 iusserant3
1066 429 1161 472 revo-
1216 419 1217 514 q

140 499 226 578 cent3
249 493 345 558 modo
370 495 568 579 gratulantes
591 495 687 560 amici
709 500 917 582 recesserant;
944 500 1159 561 revertantur.

102 599 119 648 9
138 583 331 648 Hominisne
353 583 440 650 istud
462 583 628 668 ingenium
651 587 709 667 est,
732 585 872 650 hominis
892 589 1045 668 potestas,
1064 607 1161 650 reno-

139 695 213 738 vare
232 672 357 758 gaudia,
379 672 596 757 redintegrare
618 673 774 738 laetitiam
800 675 987 757 nullamque
1008 677 1159 758 requiem
1187 661 1217 740 s¹

140 761 410 848 gratulationibus
434 762 508 826 dare
530 783 635 843 neque
653 761 716 826 alia
734 762 914 846 repetendis
934 764 1160 828 consulatibus

86 869 119 918 ιο
138 851 308 915 intervalla
329 851 523 935 permittere,
545 851 609 915 nisi
632 850 708 915 dum
737 851 916 916 finiuntur?
952 851 1066 918 Facias
1094 854 1160 918 ista

137 961 602 1113 trististristis
615 940 1160 1112 lnltllttsrsbtl

136 1117 231 1201 latus,
245 1123 286 1203 et,
301 1141 373 1183 cum
388 1119 536 1201 plurimis
550 1119 663 1182 tertios
680 1121 866 1184 consulatus
880 1119 1013 1204 dederis,
1027 1141 1159 1204 semper
1172 1145 1195 1184 ιο

137 1212 247 1272 tamen
269 1207 386 1290 plures,
411 1209 528 1290 quibus
552 1207 667 1272 debeas
691 1207 775 1293 dare,
798 1208 968 1291 supersint.
1216 1229 1217 1232 ’

80 1295 128 1362 62
203 1295 355 1360 Omnium
375 1298 504 1380 quidem
522 1297 761 1379 beneficiorum,
781 1319 862 1380 quae
881 1297 1079 1362 merentibus
1100 1299 1158 1362 tri-

135 1386 288 1469 buuntur,
309 1408 377 1450 non
394 1385 434 1449 ad
453 1387 541 1470 ipsos
560 1386 713 1471 gaudium
732 1387 836 1450 maius
855 1408 952 1470 quam
970 1385 1011 1450 ad
1029 1387 1156 1450 similes

134 1476 305 1558 redrmdat3
336 1476 508 1558 praecipue
536 1479 646 1539 tamen
676 1497 715 1539 ex
745 1473 861 1539 horum
889 1476 1060 1540 consulatu
1086 1498 1157 1540 non

136 1562 175 1627 ad
207 1567 332 1647 partem
364 1565 505 1646 aliquam
538 1568 676 1647 senatus,
708 1564 764 1628 sad
795 1564 836 1628 ad
867 1568 973 1628 totum
1003 1568 1154 1628 senatum
1170 1581 1217 1630 u*

134 1657 225 1717 tanta
246 1653 370 1718 laetitia
393 1654 547 1736 pervenit,
569 1658 606 1716 ut
629 1653 764 1717 eundem
783 1654 939 1719 honorem
958 1675 1069 1717 omnes
1090 1654 1156 1718 sibi
1216 1685 1217 1692 ¹

99 1746 168 1808 ser
186 1742 310 1805 dedisse
329 1746 361 1806 et
379 1743 538 1824 accepisse
557 1742 733 1806 videantur.
763 1739 889 1826 Nempe
909 1743 994 1806 enim
1012 1741 1049 1806 hi
1067 1747 1155 1824 sunt,
1216 1739 1217 1814 t

135 1851 217 1913 quos
240 1834 378 1912 senatus,
402 1853 475 1895 cnm
499 1831 637 1914 publicis
661 1832 843 1914 sumptibus
866 1831 1049 1896 minuendis
1068 1833 1154 1915 opti·
1216 1823 1217 1848 ¹

135 1941 224 1984 nrum
254 1941 414 2003 quamque
440 1921 635 2003 praeficeret,
663 1919 769 2005 elegit,
797 1924 829 1984 et
857 1921 987 2003 quidem
1018 1921 1153 2003 primos.

134 2007 207 2073 Hoc
230 2013 279 2073 est
300 2010 410 2095 igitur,
432 2009 495 2073 hoc
518 2014 575 2093 est,
599 2009 686 2092 quod
704 2010 833 2092 penitus
851 2007 926 2074 illos
944 2011 1053 2073 animo
1073 2007 1154 2074 Cae·
1169 2036 1196 2074 sc

97 2116 115 2164 3
135 2099 214 2163 saris
237 2100 420 2164 insinuavit.
457 2096 512 2162 An
534 2121 647 2181 parurn
671 2120 766 2180 saepe
787 2100 909 2182 experti
933 2119 1042 2163 sumus
1065 2097 1155 2166 hano
1216 2143 1217 2176 1

134 2209 203 2252 esse
224 2210 331 2252 rerum
355 2187 586 2270 condicionem,
608 2191 646 2251 ut
669 2192 797 2252 senatus
819 2189 912 2252 favor
929 2187 1015 2270 apud
1033 2188 1155 2271 princi-
1216 2177 1217 2254 l

133 2299 207 2360 pem
226 2281 283 2341 aut
298 2298 361 2342 acc
374 2277 477 2361 prosit
495 2281 552 2340 aut
565 2277 700 2341 noceat?
721 2275 838 2341 Nonne
857 2279 954 2360 paulo
974 2280 1048 2341 ante
1065 2276 1154 2342 nihil
1216 2275 1217 2292 ¹

133 2365 236 2449 magis
260 2367 388 2430 exitiale
408 2369 475 2430 erat
494 2389 590 2448 qnam
610 2365 666 2430 illa
684 2366 838 2448 principis
858 2367 1026 2452 cogitatio:
1050 2366 1152 2432 ‘hunc
1216 2363 1217 2438 ξ

134 2458 262 2519 senatus
284 2456 409 2538 probat,
431 2456 485 2519 hic
511 2457 636 2519 senatui
664 2476 755 2518 carus
783 2454 870 2519 est’?
912 2454 1039 2540 Oderat,
1065 2476 1151 2538 quos
1167 2439 1217 2534 rel

96 2559 114 2607 4
132 2565 191 2608 nos
215 2566 403 2627 amaremus,
426 2545 482 2609 sed
500 2549 536 2646 'et
554 2566 623 2646 nos,
646 2565 726 2646 quos
745 2543 808 2608 illa.
845 2542 943 2646 Nunc
959 2545 1044 2608 inter
1062 2546 1151 2626 prin-
1216 2549 1217 2630 l

132 2634 981 2805 sllllsslsqstttitermut?
997 2637 1150 2806 slas
1216 2781 1217 2788 i

132 2810 308 2876 maximum
333 2812 450 2876 amoris
473 2813 579 2876 mutui
601 2813 730 2898 signum
753 2815 809 2894 est,
838 2813 966 2876 eosdem
992 2833 1148 2876 amamus.

95 2916 113 2964 a
132 2898 280 2984 Proinde,
303 2905 409 2983 patres
433 2901 616 2984 conscripti,
640 2900 745 2964 favete
772 2904 892 2984 aperte,
920 2901 1044 2984 diligite
1071 2922 1147 2965 con·
1162 2928 1189 2966 se

132 2993 261 3053 stanter.
297 2988 374 3054 Non
397 2990 461 3054 iarn
485 2988 734 3054 dissimulandos
762 2994 811 3054 est
837 3009 937 3072 amor,
959 3011 999 3053 ne
1021 2993 1147 3071 noceat,

131 3099 198 3142 non
220 3080 429 3161 premendum
449 3079 567 3161 odium,
585 3099 626 3142 ne
644 3079 754 3162 prosit.
786 3077 910 3142 Eadem
929 3075 1045 3142 Caesar
1062 3100 1147 3161 quae
1216 3115 1217 3120 κ

133 3172 261 3231 senatus
283 3168 400 3251 probat
422 3169 656 3251 improbatqus.
693 3167 761 3232 Vos
783 3168 839 3231 ills
867 3171 1059 3250 praesentes,
1086 3189 1147 3232 vos

133 3256 229 3318 etiam
248 3256 394 3321 absentes
414 3257 449 3320 in
466 3257 600 3321 consilio
619 3256 726 3321 habet.
762 3255 871 3320 Tertio
893 3255 1039 3321 consules
1057 3255 1148 3340 fecit,

204 3397 220 3442 o
240 3409 293 3458 que
311 3410 361 3447 cm.
377 3395 493 3462 aliquot
506 3395 592 3462 codd,
607 3397 676 3450 KJ.
730 3400 764 3448 23
783 3411 841 3448 non
854 3395 919 3450 add.
934 3398 982 3464 (aas
995 3411 1098 3464 parum
1111 3396 1147 3468 ?),

133 3458 204 3511 haut
221 3463 318 3529 prosit,
336 3467 367 3516 at
384 3481 444 3518 noc.
464 3467 574 3531 Roelrr,
593 3469 643 3520 aut
660 3482 734 3535 pros.
753 3469 803 3520 aut
816 3467 867 3521 del.
886 3467 986 3522 Novak
1004 3467 1147 3535 Ztecbnf.

132 3529 161 3581 d.
180 3537 241 3584 cest.
262 3532 295 3583 G.
316 3535 411 3586 XLII
425 3540 504 3602 1068,
523 3539 667 3590 aut—aut
684 3538 790 3605 defend.
810 3539 917 3594 Bwrtt.
932 3555 962 3608 p.
973 3542 1069 3606 166sq.
