<?xml version="1.0" encoding="UTF-8"?>
<!DOCTYPE html PUBLIC "-//W3C//DTD XHTML 1.0 Transitional//EN"
    "http://www.w3.org/TR/xhtml1/DTD/xhtml1-transitional.dtd">
<html xmlns="http://www.w3.org/1999/xhtml" xml:lang="en" lang="en">
 <head>
  <title>
</title>
<meta http-equiv="Content-Type" content="text/html;charset=utf-8" />
  <meta name='ocr-system' content='tesseract 3.04.00' />
  <meta name='ocr-capabilities' content='ocr_page ocr_carea ocr_par ocr_line ocrx_word'/>
</head>
<body>
  <div class='ocr_page' id='page_1' title='image "./cplinicaecilise00mlgoog_0306.png"; bbox 0 0 2480 3942; ppageno 0'>
   <div class='ocr_carea' id='block_1_1' title="bbox 301 165 1097 246">
    <p class='ocr_par' dir='ltr' id='par_1_1' title="bbox 301 165 1097 246">
     <span class='ocr_line' id='line_1_1' title="bbox 301 165 1097 246; baseline 0.019 -14"><span class='ocrx_word' id='word_1_1' title='bbox 301 180 304 187; x_wconf 89' lang='lat'>·</span> <span class='ocrx_word' id='word_1_2' title='bbox 378 165 634 235; x_wconf 74' lang='lat' dir='ltr'>sprerunnaun</span> <span class='ocrx_word' id='word_1_3' title='bbox 653 187 801 236; x_wconf 80' lang='lat' dir='ltr'>roo-roe.</span> <span class='ocrx_word' id='word_1_4' title='bbox 1031 175 1097 246; x_wconf 73' lang='lat'>295</span> 
     </span>
    </p>
   </div>
   <div class='ocr_carea' id='block_1_2' title="bbox 79 339 1099 607">
    <p class='ocr_par' dir='ltr' id='par_1_2' title="bbox 79 339 1099 607">
     <span class='ocr_line' id='line_1_2' title="bbox 80 339 1098 429; baseline 0.002 -21"><span class='ocrx_word' id='word_1_5' title='bbox 80 366 143 409; x_wconf 92' lang='lat' dir='ltr'>me</span> <span class='ocrx_word' id='word_1_6' title='bbox 183 343 226 409; x_wconf 89' lang='lat' dir='ltr'>Iis</span> <span class='ocrx_word' id='word_1_7' title='bbox 249 345 377 409; x_wconf 76' lang='lat' dir='ltr'><strong>interim</strong></span> <span class='ocrx_word' id='word_1_8' title='bbox 383 345 532 428; x_wconf 91' lang='lat' dir='ltr'>,quibus</span> <span class='ocrx_word' id='word_1_9' title='bbox 555 366 641 409; x_wconf 90' lang='lat' dir='ltr'>nunc</span> <span class='ocrx_word' id='word_1_10' title='bbox 663 342 788 429; x_wconf 86' lang='lat' dir='ltr'>petisti,</span> <span class='ocrx_word' id='word_1_11' title='bbox 820 339 943 411; x_wconf 77' lang='lat' dir='ltr'>dedisse</span> <span class='ocrx_word' id='word_1_12' title='bbox 973 339 1098 412; x_wconf 82' lang='lat' dir='ltr'>maius</span> 
     </span>
     <span class='ocr_line' id='line_1_3' title="bbox 79 433 1099 542; baseline 0.002 -45"><span class='ocrx_word' id='word_1_13' title='bbox 79 433 259 510; x_wconf 88' lang='lat' dir='ltr'>Quiritium</span> <span class='ocrx_word' id='word_1_14' title='bbox 290 433 442 498; x_wconf 87' lang='lat' dir='ltr'>referri</span> <span class='ocrx_word' id='word_1_15' title='bbox 433 455 467 496; x_wconf 92' lang='lat' dir='ltr'>m</span> <span class='ocrx_word' id='word_1_16' title='bbox 500 435 745 498; x_wconf 76' lang='lat' dir='ltr'>commentarios</span> <span class='ocrx_word' id='word_1_17' title='bbox 778 455 867 498; x_wconf 90' lang='lat' dir='ltr'>meos</span> <span class='ocrx_word' id='word_1_18' title='bbox 899 436 977 500; x_wconf 88' lang='lat' dir='ltr'>iussi</span> <span class='ocrx_word' id='word_1_19' title='bbox 1013 434 1099 542; x_wconf 87' lang='lat' dir='ltr'>idem</span> 
     </span>
     <span class='ocr_line' id='line_1_4' title="bbox 80 523 814 607; baseline 0.003 -21"><span class='ocrx_word' id='word_1_20' title='bbox 80 523 150 586; x_wconf 83' lang='lat' dir='ltr'>fact</span> <span class='ocrx_word' id='word_1_21' title='bbox 136 527 227 587; x_wconf 89' lang='lat' dir='ltr'>turns</span> <span class='ocrx_word' id='word_1_22' title='bbox 250 523 285 586; x_wconf 93' lang='lat' dir='ltr'>in</span> <span class='ocrx_word' id='word_1_23' title='bbox 307 524 430 607; x_wconf 88' lang='lat' dir='ltr'>ceteris,</span> <span class='ocrx_word' id='word_1_24' title='bbox 452 543 511 606; x_wconf 88' lang='lat' dir='ltr'>pro</span> <span class='ocrx_word' id='word_1_25' title='bbox 535 523 652 606; x_wconf 91' lang='lat' dir='ltr'>quibus</span> <span class='ocrx_word' id='word_1_26' title='bbox 675 527 730 607; x_wconf 89' lang='lat' dir='ltr'>pet</span> <span class='ocrx_word' id='word_1_27' title='bbox 731 525 814 588; x_wconf 90' lang='lat' dir='ltr'>ieris.</span> 
     </span>
    </p>
   </div>
   <div class='ocr_carea' id='block_1_3' title="bbox 51 664 904 821">
    <p class='ocr_par' dir='ltr' id='par_1_3' title="bbox 51 664 904 821">
     <span class='ocr_line' id='line_1_5' title="bbox 485 664 703 749; baseline 0 -21"><span class='ocrx_word' id='word_1_28' title='bbox 485 669 557 728; x_wconf 82' lang='lat' dir='ltr'>ovi.</span> <span class='ocrx_word' id='word_1_29' title='bbox 582 664 703 749; x_wconf 74' lang='lat' dir='ltr'>[orn]</span> 
     </span>
     <span class='ocr_line' id='line_1_6' title="bbox 51 769 904 821; baseline -0.002 0"><span class='ocrx_word' id='word_1_30' title='bbox 51 781 66 821; x_wconf 80' lang='lat'><strong>5</strong></span> <span class='ocrx_word' id='word_1_31' title='bbox 287 769 315 818; x_wconf 80' lang='lat'>0.</span> <span class='ocrx_word' id='word_1_32' title='bbox 339 770 477 818; x_wconf 86' lang='lat' dir='ltr'>PLINIUS</span> <span class='ocrx_word' id='word_1_33' title='bbox 502 771 654 817; x_wconf 83' lang='lat' dir='ltr'><strong>TRAIANO</strong></span> <span class='ocrx_word' id='word_1_34' title='bbox 679 771 904 819; x_wconf 81' lang='lat' dir='ltr'><strong>IMPERATORI.</strong></span> 
     </span>
    </p>
   </div>
   <div class='ocr_carea' id='block_1_4' title="bbox 81 858 1122 1035">
    <p class='ocr_par' dir='ltr' id='par_1_4' title="bbox 81 858 1122 1035">
     <span class='ocr_line' id='line_1_7' title="bbox 151 858 1098 945; baseline 0.003 -22"><span class='ocrx_word' id='word_1_35' title='bbox 151 859 310 945; x_wconf 78' lang='lat' dir='ltr'><strong>Rogatus,</strong></span> <span class='ocrx_word' id='word_1_36' title='bbox 342 860 483 943; x_wconf 90' lang='lat' dir='ltr'>domine,</span> <span class='ocrx_word' id='word_1_37' title='bbox 516 883 534 924; x_wconf 91' lang='lat' dir='ltr'>a</span> <span class='ocrx_word' id='word_1_38' title='bbox 561 859 596 924; x_wconf 91' lang='lat' dir='ltr'>P.</span> <span class='ocrx_word' id='word_1_39' title='bbox 619 858 719 925; x_wconf 88' lang='lat' dir='ltr'>Accio</span> <span class='ocrx_word' id='word_1_40' title='bbox 748 859 881 945; x_wconf 88' lang='lat' dir='ltr'>Aquila,</span> <span class='ocrx_word' id='word_1_41' title='bbox 914 863 1098 927; x_wconf 80' lang='lat' dir='ltr'>centurione</span> 
     </span>
     <span class='ocr_line' id='line_1_8' title="bbox 81 948 1122 1035; baseline 0.004 -23"><span class='ocrx_word' id='word_1_42' title='bbox 81 948 227 1013; x_wconf 82' lang='lat' dir='ltr'>cohortis</span> <span class='ocrx_word' id='word_1_43' title='bbox 243 953 350 1014; x_wconf 86' lang='lat' dir='ltr'>sextae</span> <span class='ocrx_word' id='word_1_44' title='bbox 364 950 530 1034; x_wconf 84' lang='lat' dir='ltr'>equestris,</span> <span class='ocrx_word' id='word_1_45' title='bbox 553 952 589 1013; x_wconf 91' lang='lat' dir='ltr'>ut</span> <span class='ocrx_word' id='word_1_46' title='bbox 607 951 769 1014; x_wconf 89' lang='lat' dir='ltr'>mitterem</span> <span class='ocrx_word' id='word_1_47' title='bbox 788 951 850 1014; x_wconf 89' lang='lat' dir='ltr'>tibi</span> <span class='ocrx_word' id='word_1_48' title='bbox 868 951 1023 1035; x_wconf 91' lang='lat' dir='ltr'>libellum,</span> <span class='ocrx_word' id='word_1_49' title='bbox 1042 974 1100 1035; x_wconf 91' lang='lat' dir='ltr'>per</span> <span class='ocrx_word' id='word_1_50' title='bbox 1119 973 1122 996; x_wconf 73' lang='lat'>³</span> 
     </span>
    </p>
   </div>
   <div class='ocr_carea' id='block_1_5' title="bbox 34 1038 1099 1300">
    <p class='ocr_par' dir='ltr' id='par_1_5' title="bbox 34 1038 1099 1300">
     <span class='ocr_line' id='line_1_9' title="bbox 81 1038 1099 1123; baseline 0.004 -23"><span class='ocrx_word' id='word_1_51' title='bbox 81 1060 181 1120; x_wconf 89' lang='lat' dir='ltr'>quem</span> <span class='ocrx_word' id='word_1_52' title='bbox 204 1038 436 1122; x_wconf 73' lang='lat' dir='ltr'>indulgentiam</span> <span class='ocrx_word' id='word_1_53' title='bbox 460 1060 519 1123; x_wconf 90' lang='lat' dir='ltr'>pro</span> <span class='ocrx_word' id='word_1_54' title='bbox 543 1041 630 1103; x_wconf 88' lang='lat' dir='ltr'>statu</span> <span class='ocrx_word' id='word_1_55' title='bbox 652 1039 738 1103; x_wconf 90' lang='lat' dir='ltr'>filiae</span> <span class='ocrx_word' id='word_1_56' title='bbox 761 1061 836 1104; x_wconf 90' lang='lat' dir='ltr'>suae</span> <span class='ocrx_word' id='word_1_57' title='bbox 859 1041 1019 1123; x_wconf 87' lang='lat' dir='ltr'>implorat,</span> <span class='ocrx_word' id='word_1_58' title='bbox 1043 1041 1099 1105; x_wconf 94' lang='lat' dir='ltr'>du-</span> 
     </span>
     <span class='ocr_line' id='line_1_10' title="bbox 79 1127 1099 1212; baseline 0.002 -21"><span class='ocrx_word' id='word_1_59' title='bbox 79 1149 157 1191; x_wconf 88' lang='lat' dir='ltr'>rum</span> <span class='ocrx_word' id='word_1_60' title='bbox 179 1127 291 1211; x_wconf 84' lang='lat' dir='ltr'>putavi</span> <span class='ocrx_word' id='word_1_61' title='bbox 312 1148 440 1212; x_wconf 81' lang='lat' dir='ltr'>negare,</span> <span class='ocrx_word' id='word_1_62' title='bbox 463 1149 536 1192; x_wconf 90' lang='lat' dir='ltr'>eum</span> <span class='ocrx_word' id='word_1_63' title='bbox 560 1128 683 1211; x_wconf 90' lang='lat' dir='ltr'>scirem,</span> <span class='ocrx_word' id='word_1_64' title='bbox 706 1133 859 1212; x_wconf 85' lang='lat' dir='ltr'>quantam</span> <span class='ocrx_word' id='word_1_65' title='bbox 880 1130 998 1193; x_wconf 89' lang='lat' dir='ltr'>soleres</span> <span class='ocrx_word' id='word_1_66' title='bbox 1010 1130 1099 1193; x_wconf 89' lang='lat' dir='ltr'>mili-</span> 
     </span>
     <span class='ocr_line' id='line_1_11' title="bbox 34 1215 1053 1300; baseline -0.003 -16"><span class='ocrx_word' id='word_1_67' title='bbox 34 1245 64 1284; x_wconf 79' lang='grc' dir='ltr'>ιο</span> <span class='ocrx_word' id='word_1_68' title='bbox 80 1220 154 1280; x_wconf 89' lang='lat' dir='ltr'>tum</span> <span class='ocrx_word' id='word_1_69' title='bbox 177 1216 326 1299; x_wconf 80' lang='lat' dir='ltr'>precibus</span> <span class='ocrx_word' id='word_1_70' title='bbox 349 1217 538 1299; x_wconf 89' lang='lat' dir='ltr'>patientiam</span> <span class='ocrx_word' id='word_1_71' title='bbox 561 1215 859 1300; x_wconf 78' lang='lat' dir='ltr'>humanitatemque</span> <span class='ocrx_word' id='word_1_72' title='bbox 882 1220 1053 1300; x_wconf 87' lang='lat' dir='ltr'>praestare.</span> 
     </span>
    </p>
   </div>
   <div class='ocr_carea' id='block_1_6' title="bbox 429 1359 754 1512">
    <p class='ocr_par' dir='ltr' id='par_1_6' title="bbox 429 1359 754 1512">
     <span class='ocr_line' id='line_1_12' title="bbox 468 1359 719 1443; baseline 0.004 -21"><span class='ocrx_word' id='word_1_73' title='bbox 468 1363 557 1422; x_wconf 84' lang='lat' dir='ltr'>ovn.</span> <span class='ocrx_word' id='word_1_74' title='bbox 583 1359 719 1443; x_wconf 64' lang='lat' dir='ltr'>[evm]</span> 
     </span>
     <span class='ocr_line' id='line_1_13' title="bbox 429 1465 754 1512; baseline 0.006 -2"><span class='ocrx_word' id='word_1_75' title='bbox 429 1465 601 1512; x_wconf 83' lang='lat' dir='ltr'>TRAIANUS</span> <span class='ocrx_word' id='word_1_76' title='bbox 625 1465 754 1512; x_wconf 86' lang='lat' dir='ltr'>PLINlO.</span> 
     </span>
    </p>
   </div>
   <div class='ocr_carea' id='block_1_7' title="bbox 36 1552 1099 1904">
    <p class='ocr_par' dir='ltr' id='par_1_7' title="bbox 152 1552 1098 1638">
     <span class='ocr_line' id='line_1_14' title="bbox 152 1552 1098 1638; baseline 0.003 -21"><span class='ocrx_word' id='word_1_77' title='bbox 152 1553 311 1618; x_wconf 85' lang='lat' dir='ltr'>Libellum</span> <span class='ocrx_word' id='word_1_78' title='bbox 325 1553 360 1618; x_wconf 87' lang='lat' dir='ltr'>P.</span> <span class='ocrx_word' id='word_1_79' title='bbox 370 1552 449 1619; x_wconf 83' lang='lat' dir='ltr'>Acci</span> <span class='ocrx_word' id='word_1_80' title='bbox 462 1553 608 1638; x_wconf 84' lang='lat' dir='ltr'>Aquilae,</span> <span class='ocrx_word' id='word_1_81' title='bbox 624 1555 820 1620; x_wconf 85' lang='lat' dir='ltr'>centurionis</span> <span class='ocrx_word' id='word_1_82' title='bbox 835 1557 976 1621; x_wconf 86' lang='lat' dir='ltr'>cohortis</span> <span class='ocrx_word' id='word_1_83' title='bbox 991 1559 1098 1620; x_wconf 87' lang='lat' dir='ltr'>sextae</span> 
     </span>
    </p>

    <p class='ocr_par' dir='ltr' id='par_1_8' title="bbox 82 1643 1098 1730">
     <span class='ocr_line' id='line_1_15' title="bbox 82 1643 1098 1730; baseline 0.003 -24"><span class='ocrx_word' id='word_1_84' title='bbox 82 1643 251 1725; x_wconf 88' lang='lat' dir='ltr'>equestris,</span> <span class='ocrx_word' id='word_1_85' title='bbox 275 1665 370 1726; x_wconf 88' lang='lat' dir='ltr'>quem</span> <span class='ocrx_word' id='word_1_86' title='bbox 392 1645 473 1707; x_wconf 91' lang='lat' dir='ltr'>mihi</span> <span class='ocrx_word' id='word_1_87' title='bbox 496 1645 621 1723; x_wconf 89' lang='lat' dir='ltr'>misisti,</span> <span class='ocrx_word' id='word_1_88' title='bbox 644 1645 723 1730; x_wconf 67' lang='lat' dir='ltr'>legi,</span> <span class='ocrx_word' id='word_1_89' title='bbox 747 1645 837 1709; x_wconf 91' lang='lat' dir='ltr'>cuius</span> <span class='ocrx_word' id='word_1_90' title='bbox 860 1644 1009 1727; x_wconf 90' lang='lat' dir='ltr'>precibus</span> <span class='ocrx_word' id='word_1_91' title='bbox 1032 1666 1098 1709; x_wconf 94' lang='lat' dir='ltr'>mo·</span> 
     </span>
    </p>

    <p class='ocr_par' dir='ltr' id='par_1_9' title="bbox 36 1731 1099 1904">
     <span class='ocr_line' id='line_1_16' title="bbox 36 1731 1099 1801; baseline 0.001 -6"><span class='ocrx_word' id='word_1_92' title='bbox 36 1760 64 1801; x_wconf 76' lang='lat'>15</span> <span class='ocrx_word' id='word_1_93' title='bbox 81 1735 137 1795; x_wconf 88' lang='lat' dir='ltr'>tus</span> <span class='ocrx_word' id='word_1_94' title='bbox 175 1731 247 1795; x_wconf 90' lang='lat' dir='ltr'>dedi</span> <span class='ocrx_word' id='word_1_95' title='bbox 282 1731 368 1796; x_wconf 86' lang='lat' dir='ltr'>filiae</span> <span class='ocrx_word' id='word_1_96' title='bbox 405 1732 472 1796; x_wconf 89' lang='lat' dir='ltr'>eius</span> <span class='ocrx_word' id='word_1_97' title='bbox 510 1733 672 1798; x_wconf 86' lang='lat' dir='ltr'>civitatem</span> <span class='ocrx_word' id='word_1_98' title='bbox 704 1733 893 1798; x_wconf 84' lang='lat' dir='ltr'>Romanam.</span> <span class='ocrx_word' id='word_1_99' title='bbox 938 1733 1099 1799; x_wconf 88' lang='lat' dir='ltr'>Libellum</span> 
     </span>
     <span class='ocr_line' id='line_1_17' title="bbox 80 1821 800 1904; baseline 0.003 -20"><span class='ocrx_word' id='word_1_100' title='bbox 80 1821 240 1904; x_wconf 79' lang='lat' dir='ltr'>rescripti,</span> <span class='ocrx_word' id='word_1_101' title='bbox 264 1842 359 1902; x_wconf 89' lang='lat' dir='ltr'>quem</span> <span class='ocrx_word' id='word_1_102' title='bbox 382 1821 431 1884; x_wconf 89' lang='lat' dir='ltr'>illi</span> <span class='ocrx_word' id='word_1_103' title='bbox 453 1821 610 1904; x_wconf 86' lang='lat' dir='ltr'>redderes,</span> <span class='ocrx_word' id='word_1_104' title='bbox 632 1823 707 1886; x_wconf 92' lang='lat' dir='ltr'>misi</span> <span class='ocrx_word' id='word_1_105' title='bbox 730 1823 800 1887; x_wconf 89' lang='lat' dir='ltr'>tibi.</span> 
     </span>
    </p>
   </div>
   <div class='ocr_carea' id='block_1_8' title="bbox 285 1963 901 2117">
    <p class='ocr_par' dir='ltr' id='par_1_10' title="bbox 285 1963 901 2117">
     <span class='ocr_line' id='line_1_18' title="bbox 478 1963 712 2048; baseline 0.004 -21"><span class='ocrx_word' id='word_1_106' title='bbox 478 1968 583 2027; x_wconf 86' lang='lat' dir='ltr'>ovm.</span> <span class='ocrx_word' id='word_1_107' title='bbox 608 1963 712 2048; x_wconf 65' lang='lat' dir='ltr'>[orn]</span> 
     </span>
     <span class='ocr_line' id='line_1_19' title="bbox 285 2069 901 2117; baseline 0 -1"><span class='ocrx_word' id='word_1_108' title='bbox 285 2069 313 2117; x_wconf 83' lang='lat'>0.</span> <span class='ocrx_word' id='word_1_109' title='bbox 336 2069 475 2117; x_wconf 82' lang='lat' dir='ltr'>PLINIUS</span> <span class='ocrx_word' id='word_1_110' title='bbox 500 2069 652 2117; x_wconf 82' lang='lat' dir='ltr'><strong>TRAIANO</strong></span> <span class='ocrx_word' id='word_1_111' title='bbox 677 2070 901 2117; x_wconf 81' lang='lat' dir='ltr'><strong>IMPERATORI.</strong></span> 
     </span>
    </p>
   </div>
   <div class='ocr_carea' id='block_1_9' title="bbox 37 2146 1132 3036">
    <p class='ocr_par' dir='ltr' id='par_1_11' title="bbox 37 2146 1132 3036">
     <span class='ocr_line' id='line_1_20' title="bbox 152 2146 1132 2232; baseline 0.003 -21"><span class='ocrx_word' id='word_1_112' title='bbox 152 2146 235 2224; x_wconf 85' lang='lat' dir='ltr'>Quid</span> <span class='ocrx_word' id='word_1_113' title='bbox 266 2148 383 2214; x_wconf 90' lang='lat' dir='ltr'>habere</span> <span class='ocrx_word' id='word_1_114' title='bbox 415 2151 493 2215; x_wconf 90' lang='lat' dir='ltr'>iuris</span> <span class='ocrx_word' id='word_1_115' title='bbox 525 2151 605 2214; x_wconf 84' lang='lat' dir='ltr'>valis</span> <span class='ocrx_word' id='word_1_116' title='bbox 635 2153 666 2214; x_wconf 89' lang='lat' dir='ltr'>et</span> <span class='ocrx_word' id='word_1_117' title='bbox 693 2149 851 2232; x_wconf 89' lang='lat' dir='ltr'>Bithynas</span> <span class='ocrx_word' id='word_1_118' title='bbox 882 2154 914 2214; x_wconf 90' lang='lat' dir='ltr'>et</span> <span class='ocrx_word' id='word_1_119' title='bbox 945 2149 1132 2215; x_wconf 87' lang='lat' dir='ltr'>Ponticasl</span> 
     </span>
     <span class='ocr_line' id='line_1_21' title="bbox 37 2237 1099 2325; baseline -0.003 -19"><span class='ocrx_word' id='word_1_120' title='bbox 37 2268 66 2307; x_wconf 77' lang='lat' dir='ltr'>so</span> <span class='ocrx_word' id='word_1_121' title='bbox 82 2237 230 2302; x_wconf 86' lang='lat' dir='ltr'>civitates</span> <span class='ocrx_word' id='word_1_122' title='bbox 253 2238 288 2301; x_wconf 94' lang='lat' dir='ltr'>in</span> <span class='ocrx_word' id='word_1_123' title='bbox 310 2239 474 2325; x_wconf 80' lang='lat' dir='ltr'>exigendis</span> <span class='ocrx_word' id='word_1_124' title='bbox 502 2239 662 2325; x_wconf 88' lang='lat' dir='ltr'>pecuniis,</span> <span class='ocrx_word' id='word_1_125' title='bbox 686 2260 767 2321; x_wconf 90' lang='lat' dir='ltr'>quae</span> <span class='ocrx_word' id='word_1_126' title='bbox 789 2238 855 2304; x_wconf 90' lang='lat' dir='ltr'>illis</span> <span class='ocrx_word' id='word_1_127' title='bbox 878 2241 930 2303; x_wconf 85' lang='lat' dir='ltr'>vel</span> <span class='ocrx_word' id='word_1_128' title='bbox 953 2261 992 2302; x_wconf 86' lang='lat' dir='ltr'>ex</span> <span class='ocrx_word' id='word_1_129' title='bbox 1014 2241 1099 2303; x_wconf 88' lang='lat' dir='ltr'>loca·</span> 
     </span>
     <span class='ocr_line' id='line_1_22' title="bbox 81 2327 1099 2412; baseline 0.001 -21"><span class='ocrx_word' id='word_1_130' title='bbox 81 2327 228 2391; x_wconf 85' lang='lat' dir='ltr'>tionibus</span> <span class='ocrx_word' id='word_1_131' title='bbox 251 2328 303 2392; x_wconf 78' lang='lat' dir='ltr'>uel</span> <span class='ocrx_word' id='word_1_132' title='bbox 326 2350 364 2392; x_wconf 86' lang='lat' dir='ltr'>ex</span> <span class='ocrx_word' id='word_1_133' title='bbox 387 2327 626 2392; x_wconf 84' lang='lat' dir='ltr'>venditionibus</span> <span class='ocrx_word' id='word_1_134' title='bbox 651 2327 761 2392; x_wconf 83' lang='lat' dir='ltr'>aliisve</span> <span class='ocrx_word' id='word_1_135' title='bbox 785 2329 888 2392; x_wconf 88' lang='lat' dir='ltr'>causis</span> <span class='ocrx_word' id='word_1_136' title='bbox 912 2328 1099 2412; x_wconf 89' lang='lat' dir='ltr'>debeantur,</span> 
     </span>
     <span class='ocr_line' id='line_1_23' title="bbox 80 2415 1099 2501; baseline 0.001 -21"><span class='ocrx_word' id='word_1_137' title='bbox 80 2437 180 2500; x_wconf 83' lang='lat' dir='ltr'>rogo,</span> <span class='ocrx_word' id='word_1_138' title='bbox 204 2415 346 2500; x_wconf 89' lang='lat' dir='ltr'>domine,</span> <span class='ocrx_word' id='word_1_139' title='bbox 368 2417 532 2481; x_wconf 90' lang='lat' dir='ltr'>rescribas.</span> <span class='ocrx_word' id='word_1_140' title='bbox 574 2417 646 2501; x_wconf 83' lang='lat' dir='ltr'>Ego</span> <span class='ocrx_word' id='word_1_141' title='bbox 670 2416 778 2480; x_wconf 86' lang='lat' dir='ltr'>inveni</span> <span class='ocrx_word' id='word_1_142' title='bbox 801 2439 820 2480; x_wconf 91' lang='lat' dir='ltr'>a</span> <span class='ocrx_word' id='word_1_143' title='bbox 842 2417 1004 2501; x_wconf 87' lang='lat' dir='ltr'>plerisque</span> <span class='ocrx_word' id='word_1_144' title='bbox 1026 2439 1099 2500; x_wconf 79' lang='lat' dir='ltr'>pro</span> 
     </span>
     <span class='ocr_line' id='line_1_24' title="bbox 81 2505 1098 2592; baseline 0 -23"><span class='ocrx_word' id='word_1_145' title='bbox 81 2505 270 2569; x_wconf 87' lang='lat' dir='ltr'>consulibus</span> <span class='ocrx_word' id='word_1_146' title='bbox 286 2527 468 2570; x_wconf 90' lang='lat' dir='ltr'>concessam</span> <span class='ocrx_word' id='word_1_147' title='bbox 488 2506 527 2570; x_wconf 90' lang='lat' dir='ltr'>iis</span> <span class='ocrx_word' id='word_1_148' title='bbox 541 2505 781 2589; x_wconf 79' lang='lat' dir='ltr'>protopraxian,</span> <span class='ocrx_word' id='word_1_149' title='bbox 800 2528 933 2589; x_wconf 88' lang='lat' dir='ltr'>eamque</span> <span class='ocrx_word' id='word_1_150' title='bbox 952 2507 1098 2592; x_wconf 86' lang='lat' dir='ltr'>prolege</span> 
     </span>
     <span class='ocr_line' id='line_1_25' title="bbox 81 2593 1132 2678; baseline 0 -20"><span class='ocrx_word' id='word_1_151' title='bbox 81 2593 231 2658; x_wconf 80' lang='lat' dir='ltr'>valuisse.</span> <span class='ocrx_word' id='word_1_152' title='bbox 276 2593 438 2659; x_wconf 78' lang='lat' dir='ltr'>Existimo</span> <span class='ocrx_word' id='word_1_153' title='bbox 461 2597 570 2659; x_wconf 86' lang='lat' dir='ltr'>tamen</span> <span class='ocrx_word' id='word_1_154' title='bbox 599 2597 656 2658; x_wconf 89' lang='lat' dir='ltr'>tua</span> <span class='ocrx_word' id='word_1_155' title='bbox 678 2595 880 2678; x_wconf 78' lang='lat' dir='ltr'>providentia</span> <span class='ocrx_word' id='word_1_156' title='bbox 904 2595 1132 2659; x_wconf 73' lang='lat' dir='ltr'>constitum-2</span> 
     </span>
     <span class='ocr_line' id='line_1_26' title="bbox 37 2682 1098 2769; baseline 0.003 -24"><span class='ocrx_word' id='word_1_157' title='bbox 37 2712 66 2752; x_wconf 73' lang='lat'>25</span> <span class='ocrx_word' id='word_1_158' title='bbox 83 2683 161 2746; x_wconf 92' lang='lat' dir='ltr'>dum</span> <span class='ocrx_word' id='word_1_159' title='bbox 199 2682 321 2766; x_wconf 84' lang='lat' dir='ltr'>aliquid</span> <span class='ocrx_word' id='word_1_160' title='bbox 357 2686 390 2747; x_wconf 90' lang='lat' dir='ltr'>et</span> <span class='ocrx_word' id='word_1_161' title='bbox 419 2683 645 2769; x_wconf 85' lang='lat' dir='ltr'>sanciendum,</span> <span class='ocrx_word' id='word_1_162' title='bbox 685 2705 743 2766; x_wconf 87' lang='lat' dir='ltr'>per</span> <span class='ocrx_word' id='word_1_163' title='bbox 778 2683 866 2766; x_wconf 90' lang='lat' dir='ltr'>quod</span> <span class='ocrx_word' id='word_1_164' title='bbox 902 2684 1098 2748; x_wconf 89' lang='lat' dir='ltr'>utilitatibus</span> 
     </span>
     <span class='ocr_line' id='line_1_27' title="bbox 83 2771 1097 2857; baseline 0 -21"><span class='ocrx_word' id='word_1_165' title='bbox 83 2794 196 2836; x_wconf 89' lang='lat' dir='ltr'>eorum</span> <span class='ocrx_word' id='word_1_166' title='bbox 220 2772 254 2834; x_wconf 90' lang='lat' dir='ltr'>in</span> <span class='ocrx_word' id='word_1_167' title='bbox 276 2775 467 2856; x_wconf 86' lang='lat' dir='ltr'>perpetuum</span> <span class='ocrx_word' id='word_1_168' title='bbox 492 2772 685 2836; x_wconf 87' lang='lat' dir='ltr'>consulatur.</span> <span class='ocrx_word' id='word_1_169' title='bbox 730 2771 830 2857; x_wconf 89' lang='lat' dir='ltr'>Nam,</span> <span class='ocrx_word' id='word_1_170' title='bbox 853 2795 935 2856; x_wconf 90' lang='lat' dir='ltr'>quae</span> <span class='ocrx_word' id='word_1_171' title='bbox 959 2777 1034 2837; x_wconf 90' lang='lat' dir='ltr'>sunt</span> <span class='ocrx_word' id='word_1_172' title='bbox 1057 2773 1097 2836; x_wconf 89' lang='lat' dir='ltr'>ab</span> 
     </span>
     <span class='ocr_line' id='line_1_28' title="bbox 83 2860 1100 2945; baseline 0 -21"><span class='ocrx_word' id='word_1_173' title='bbox 83 2860 149 2925; x_wconf 89' lang='lat' dir='ltr'>illis</span> <span class='ocrx_word' id='word_1_174' title='bbox 172 2860 329 2943; x_wconf 89' lang='lat' dir='ltr'>instituta,</span> <span class='ocrx_word' id='word_1_175' title='bbox 353 2861 417 2925; x_wconf 89' lang='lat' dir='ltr'>sint</span> <span class='ocrx_word' id='word_1_176' title='bbox 433 2861 511 2926; x_wconf 90' lang='lat' dir='ltr'>licet</span> <span class='ocrx_word' id='word_1_177' title='bbox 529 2862 689 2943; x_wconf 88' lang='lat' dir='ltr'>sapienter</span> <span class='ocrx_word' id='word_1_178' title='bbox 706 2860 841 2945; x_wconf 88' lang='lat' dir='ltr'>indulta,</span> <span class='ocrx_word' id='word_1_179' title='bbox 865 2861 973 2926; x_wconf 84' lang='lat' dir='ltr'>brevia</span> <span class='ocrx_word' id='word_1_180' title='bbox 991 2865 1100 2925; x_wconf 91' lang='lat' dir='ltr'>tamen</span> 
     </span>
     <span class='ocr_line' id='line_1_29' title="bbox 83 2949 1009 3036; baseline 0.002 -23"><span class='ocrx_word' id='word_1_181' title='bbox 83 2954 117 3014; x_wconf 91' lang='lat' dir='ltr'>et</span> <span class='ocrx_word' id='word_1_182' title='bbox 139 2949 375 3036; x_wconf 79' lang='lat' dir='ltr'>infirmasunt,</span> <span class='ocrx_word' id='word_1_183' title='bbox 396 2950 459 3014; x_wconf 90' lang='lat' dir='ltr'>nisi</span> <span class='ocrx_word' id='word_1_184' title='bbox 482 2950 546 3014; x_wconf 75' lang='lat' dir='ltr'>illis</span> <span class='ocrx_word' id='word_1_185' title='bbox 565 2953 622 3014; x_wconf 88' lang='lat' dir='ltr'>tua</span> <span class='ocrx_word' id='word_1_186' title='bbox 645 2949 805 3034; x_wconf 80' lang='lat' dir='ltr'>contingit</span> <span class='ocrx_word' id='word_1_187' title='bbox 827 2951 1009 3015; x_wconf 87' lang='lat' dir='ltr'>auotoritas.</span> 
     </span>
    </p>
   </div>
   <div class='ocr_carea' id='block_1_10' title="bbox 39 3091 755 3250">
    <p class='ocr_par' dir='ltr' id='par_1_12' title="bbox 39 3091 755 3250">
     <span class='ocr_line' id='line_1_30' title="bbox 500 3091 686 3176; baseline 0.005 -21"><span class='ocrx_word' id='word_1_188' title='bbox 500 3095 572 3155; x_wconf 82' lang='lat' dir='ltr'>cnr.</span> <span class='ocrx_word' id='word_1_189' title='bbox 597 3091 686 3176; x_wconf 73' lang='lat' dir='ltr'>[on]</span> 
     </span>
     <span class='ocr_line' id='line_1_31' title="bbox 39 3197 755 3250; baseline -0.006 -1"><span class='ocrx_word' id='word_1_190' title='bbox 39 3210 67 3250; x_wconf 79' lang='lat'>30</span> <span class='ocrx_word' id='word_1_191' title='bbox 430 3197 603 3244; x_wconf 82' lang='lat' dir='ltr'>TRAIANUS</span> <span class='ocrx_word' id='word_1_192' title='bbox 627 3198 755 3245; x_wconf 88' lang='lat' dir='ltr'>PLINIO.</span> 
     </span>
    </p>
   </div>
   <div class='ocr_carea' id='block_1_11' title="bbox 82 3276 1098 3452">
    <p class='ocr_par' dir='ltr' id='par_1_13' title="bbox 82 3276 1098 3452">
     <span class='ocr_line' id='line_1_32' title="bbox 152 3276 1098 3362; baseline -0.001 -20"><span class='ocrx_word' id='word_1_193' title='bbox 152 3276 222 3354; x_wconf 88' lang='lat' dir='ltr'>Quo</span> <span class='ocrx_word' id='word_1_194' title='bbox 250 3278 318 3341; x_wconf 90' lang='lat' dir='ltr'>iure</span> <span class='ocrx_word' id='word_1_195' title='bbox 345 3279 394 3343; x_wconf 90' lang='lat' dir='ltr'>uti</span> <span class='ocrx_word' id='word_1_196' title='bbox 423 3279 560 3343; x_wconf 87' lang='lat' dir='ltr'>debeant</span> <span class='ocrx_word' id='word_1_197' title='bbox 582 3278 741 3362; x_wconf 86' lang='lat' dir='ltr'>Bithynae</span> <span class='ocrx_word' id='word_1_198' title='bbox 771 3281 823 3343; x_wconf 84' lang='lat' dir='ltr'>vel</span> <span class='ocrx_word' id='word_1_199' title='bbox 845 3278 998 3343; x_wconf 89' lang='lat' dir='ltr'>Ponticae</span> <span class='ocrx_word' id='word_1_200' title='bbox 1022 3279 1098 3343; x_wconf 87' lang='lat' dir='ltr'>civi-</span> 
     </span>
     <span class='ocr_line' id='line_1_33' title="bbox 82 3368 1098 3452; baseline 0 -20"><span class='ocrx_word' id='word_1_201' title='bbox 82 3371 166 3432; x_wconf 89' lang='lat' dir='ltr'>tates</span> <span class='ocrx_word' id='word_1_202' title='bbox 189 3369 223 3430; x_wconf 93' lang='lat' dir='ltr'>in</span> <span class='ocrx_word' id='word_1_203' title='bbox 246 3368 285 3431; x_wconf 92' lang='lat' dir='ltr'>iis</span> <span class='ocrx_word' id='word_1_204' title='bbox 308 3368 465 3452; x_wconf 88' lang='lat' dir='ltr'>pecuniis,</span> <span class='ocrx_word' id='word_1_205' title='bbox 489 3388 569 3450; x_wconf 87' lang='lat' dir='ltr'>qnae</span> <span class='ocrx_word' id='word_1_206' title='bbox 594 3389 633 3430; x_wconf 84' lang='lat' dir='ltr'>ex</span> <span class='ocrx_word' id='word_1_207' title='bbox 656 3389 782 3450; x_wconf 91' lang='lat' dir='ltr'>quaque</span> <span class='ocrx_word' id='word_1_208' title='bbox 806 3389 901 3432; x_wconf 89' lang='lat' dir='ltr'>causa</span> <span class='ocrx_word' id='word_1_209' title='bbox 923 3369 969 3432; x_wconf 89' lang='lat' dir='ltr'>rei</span> <span class='ocrx_word' id='word_1_210' title='bbox 993 3369 1098 3451; x_wconf 89' lang='lat' dir='ltr'>publi·</span> 
     </span>
    </p>
   </div>
   <div class='ocr_carea' id='block_1_12' title="bbox 85 3505 1097 3633">
    <p class='ocr_par' dir='ltr' id='par_1_14' title="bbox 85 3505 1097 3633">
     <span class='ocr_line' id='line_1_34' title="bbox 85 3505 1097 3633; baseline 0 -73"><span class='ocrx_word' id='word_1_211' title='bbox 85 3506 270 3633; x_wconf 56' lang='lat' dir='ltr'>Otdhttio</span> <span class='ocrx_word' id='word_1_212' title='bbox 285 3507 353 3561; x_wconf 89' lang='lat' dir='ltr'><em>K.1.</em></span> <span class='ocrx_word' id='word_1_213' title='bbox 422 3512 455 3561; x_wconf 85' lang='lat'>13</span> <span class='ocrx_word' id='word_1_214' title='bbox 474 3505 553 3560; x_wconf 87' lang='lat' dir='ltr'>Accii</span> <span class='ocrx_word' id='word_1_215' title='bbox 568 3507 655 3574; x_wconf 73' lang='grc' dir='ltr'>ΚΠ,</span> <span class='ocrx_word' id='word_1_216' title='bbox 669 3505 743 3561; x_wconf 85' lang='lat' dir='ltr'>Attii</span> <span class='ocrx_word' id='word_1_217' title='bbox 758 3508 828 3562; x_wconf 74' lang='lat' dir='ltr'>KJ.</span> <span class='ocrx_word' id='word_1_218' title='bbox 898 3513 931 3561; x_wconf 76' lang='lat'>28</span> <span class='ocrx_word' id='word_1_219' title='bbox 951 3507 1097 3578; x_wconf 84' lang='lat' dir='ltr'>contingat</span> 
     </span>
     <span class='ocr_line' id='line_1_35' title="bbox 107 3597 232 3633; baseline -0.008 -1"><span class='ocrx_word' id='word_1_220' title='bbox 107 3597 186 3633; x_wconf 82' lang='lat' dir='ltr'>aaa.</span> <span class='ocrx_word' id='word_1_221' title='bbox 206 3597 232 3632; x_wconf 86' lang='lat' dir='ltr'>a.</span> 
     </span>
    </p>
   </div>
   <div class='ocr_carea' id='block_1_13' title="bbox 0 0 1244 3942">
    <p class='ocr_par' dir='ltr' id='par_1_15' title="bbox 0 0 1244 3942">
     <span class='ocr_line' id='line_1_36' title="bbox 0 0 1244 3942; baseline 0 0"><span class='ocrx_word' id='word_1_222' title='bbox 0 0 1244 3942; x_wconf 95' lang='lat' dir='ltr'> </span> 
     </span>
    </p>
   </div>
  </div>
 </body>
</html>
