2480 3942
391 132 764 188 missamissa-1⁵.
835 109 868 174 Ἴ
1021 134 1086 199 257

61 321 146 362 men
168 299 203 362 in
225 299 287 362 hoc
312 318 439 382 quoque
467 297 641 381 indulsisti,
672 297 827 362 admoneo
854 299 951 362 simul
974 301 1006 362 et
1028 299 1087 361 im-

60 409 168 472 pense
182 408 272 473 rogo,
286 391 322 450 ut
331 385 467 452 Accium
478 384 592 450 Suram
607 391 756 470 practura
770 408 923 451 exornare
938 387 1086 473 digneris,

64 499 145 542 cum
166 476 257 556 locus
280 481 379 541 vacet.
411 474 464 540 Ad
483 498 578 559 quam
599 497 688 559 spem
711 476 831 560 alioqui
851 476 1086 559 quietissimum

63 567 220 630 hortatur
242 567 274 630 ot
296 564 453 630 natalium
478 565 628 647 splendor
658 568 690 629 et
713 587 839 630 summa
861 566 1029 651 integritas
1052 565 1087 629 in

33 657 260 738 spaupertate
294 657 327 718 et
357 657 431 718 ante
465 654 572 718 omnia
603 655 739 719 felicitas
773 658 969 737 temporum,
1006 677 1086 738 quac

66 745 190 808 bonam
223 744 452 808 conscientiam
485 743 603 808 civium
630 748 761 814 tuorum
794 744 834 808 ad
860 766 955 808 usum
984 744 1087 808 indul·

66 833 199 918 gentiae
221 836 295 896 tuae
318 836 473 916 provocat
496 836 528 896 et
552 832 680 897 attollit.

470 995 551 1056 xm.
576 991 687 1076 [vm]

273 1098 301 1146 C.
323 1097 464 1145 PLINIUS
488 1097 641 1145 TRAIANO
665 1097 891 1146 IMPERATORI.

22 1216 51 1256 io
139 1185 219 1252 (lum
251 1189 366 1272 sciam,
399 1188 541 1271 domine,
573 1188 613 1252 ad
640 1187 862 1252 testimonium
893 1188 1086 1272 laudemque

67 1299 198 1341 morum
221 1299 366 1342 meorum
388 1276 548 1360 pertinere
575 1281 642 1340 tam
673 1276 750 1341 boni
779 1277 936 1361 principis
966 1278 1084 1342 iudicio

68 1366 227 1450 exornari,
250 1387 344 1452 rogo,
375 1365 533 1452 dignitati,
556 1366 596 1429 ad
620 1388 716 1449 quam
739 1388 790 1430 me
813 1366 960 1450 provexit
983 1367 1087 1431 indul-

69 1455 180 1542 gentia
209 1458 279 1538 tua,
311 1455 363 1519 vel
392 1459 584 1540 auguratum
617 1456 668 1518 vel
700 1455 978 1538 septemviratum,
1011 1458 1087 1539 quia

69 1548 198 1628 vacant,
221 1544 344 1610 adicere
368 1544 517 1630 digneris,
540 1547 576 1607 ut
595 1544 663 1608 iure
682 1544 850 1608 sacerdotii
868 1543 992 1628 precari
1011 1545 1085 1609 deos

26 1661 53 1701 ιε
70 1655 130 1716 pro
145 1635 177 1697 te
191 1632 320 1717 publice
333 1633 466 1718 possim,
480 1655 560 1717 quos
579 1654 664 1697 nunc
683 1654 797 1716 precor
815 1635 934 1717 pietate
953 1633 1085 1717 privata.

488 1797 566 1856 XIV.
606 1797 656 1858 IX.

270 1899 298 1947 e.
321 1897 460 1947 Punuus
485 1793 639 1946 annulo
658 1792 889 1947 luruulroal.

138 1987 300 2053 Victoriae
324 1993 410 2069 tuae,
444 1989 564 2072 optime
588 1982 782 2072 imperator,
811 1990 984 2073 maximae,
1015 1992 1086 2073 pul-

72 2077 257 2160 chenimae,
279 2078 520 2161 antiquissimae
544 2079 576 2140 ot
594 2081 650 2140 tuo
669 2078 799 2142 nomine
823 2081 855 2141 ct
873 2077 1085 2162 reipublicae

29 2195 56 2234 ao
71 2167 216 2252 gratulor
238 2166 376 2250 deosque
399 2167 597 2231 immortales
620 2188 749 2249 precor,
771 2169 942 2232 utomnes
967 2169 1085 2253 cogita-

70 2257 175 2320 tiones
197 2260 270 2320 tuas
297 2259 364 2320 tam
386 2257 490 2320 laetus
513 2259 666 2338 sequatur
688 2260 829 2338 eventus,
852 2260 889 2320 ut
911 2256 1084 2322 virtutibus

71 2343 171 2409 tantis
195 2343 298 2430 gloria
321 2345 448 2428 imperii
472 2348 504 2408 et
526 2348 663 2410 novetur
686 2349 717 2409 et
741 2339 902 2431 augeatur.

466 2508 529 2568 XV.
554 2503 690 2589 [XXVI]

270 2609 298 2658 c.
321 2610 461 2659 Puuuus
486 2610 640 2660 samso
664 2610 889 2662 Iuruunrom.

33 2727 58 2766 2⁵
139 2698 220 2776 Quia
248 2700 388 2785 confido,
420 2700 562 2784 domine,
594 2701 634 2764 ad
661 2722 770 2765 curam
797 2704 886 2764 tuam
916 2701 1084 2784 pertinere,

73 2789 185 2854 nuntio
209 2789 270 2854 tibi
292 2812 344 2854 me
357 2789 524 2874 Ephesum
548 2811 621 2854 cum
646 2790 794 2856 omnibus
813 2789 893 2854 meis
911 2785 994 2873 ὑπὲρ
1008 2793 1085 2855 Μα-

73 2877 150 2943 λέαν
185 2877 352 2964 navigasse
389 2878 534 2962 quamvis
572 2879 739 2944 contrariis
775 2879 879 2942 ventu
915 2882 1084 2944 retentum.

74 2966 167 3032 Nunc
184 2967 314 3032 destino
337 2969 455 3051 partim
480 2968 590 3032 orariis
614 2968 765 3050 navibus,
787 2968 906 3050 partim
928 2967 1083 3033 vehiculis

74 3057 270 3140 provinciam
292 3061 409 3141 patere.
445 3055 531 3120 Nam
555 3057 637 3121 sicut
655 3057 763 3121 itineri
781 3078 893 3142 graves
915 3060 1020 3122 aestus
1039 3057 1084 3121 ita

9 3221 12 3230 ,
35 3173 61 3212 so
76 3146 243 3211 continuae
265 3145 464 3231 navigationi
487 3147 603 3210 etesiae
626 3145 831 3210 reluctantur.

144 3337 294 3392 anesum
311 3338 381 3392 K.1.
467 3343 500 3392 at
528 3339 676 3391 retentum.
712 3337 794 3392 Nunc
817 3338 856 3392 H.
875 3337 974 3408 supa,
997 3338 1083 3407 KH,

75 3409 386 3484 Quamvis-retentus,
405 3425 479 3463 nunc
497 3427 525 3476 a,
540 3409 608 3463 K.I.

146 3625 199 3656 nm
211 3616 355 3657 Etruscan.
891 3612 924 3660 l'l
