2458 3940
258 155 262 160 .
328 103 583 160 amserncus
603 110 796 166 sia-as.
984 59 1069 174 '343

52 268 197 336 muueris
220 289 298 352 asso,
320 269 377 350 qui
399 272 431 334 te
453 268 550 334 dedit.
587 267 674 336 Ante
696 269 826 351 quidem
844 269 1104 356 ingeniosus-i

54 359 191 432 stiamm
215 377 327 442 greges
350 379 408 441 per
431 355 649 442 Capitolinum
672 358 734 424 iter
761 377 877 444 magna
904 360 955 424 sui
969 363 1070 442 'parte

55 448 146 512 reiut
168 445 337 530 asnapii
359 446 522 512 devertere
545 448 597 512 via
620 447 826 532 cogebantur,
854 470 928 514 oum
955 449 1070 512 saeris-

55 536 131 600 simi
145 535 269 600 domini
282 536 481 602 atrocissima
495 535 620 621 effigies
633 539 725 604 tanto
739 536 943 604 victimarum
957 557 1071 606 eruore

25 625 225 706 sociaretur,
243 627 399 708 quantum
417 625 486 708 ipse
504 625 637 694 humani
658 626 824 711 sanguinis
846 626 1070 710 profundebat.

124 711 249 796 Omnia,
272 715 379 796 patres
403 714 585 797 conscripti,
608 734 689 798 quae
712 714 752 779 de
774 715 847 782 aliis
869 710 1123 800 principibus53

54 823 75 866 a
107 825 159 868 me
187 807 245 868 aut
274 802 424 870 dicuntur
452 807 509 868 aut
539 803 624 870 diota
653 808 738 886 sunt,
767 827 805 870 so
833 805 1004 888 pertinent,
1034 809 1071 870 ut

54 887 233 976 ostendam,
259 911 356 974 quem
382 893 481 978 longa
508 893 738 958 consuetudins
764 897 933 978 oonnptos
962 895 1071 978 depra-

54 983 213 1063 vatosque
235 1003 341 1046 mores
363 982 562 1064 principatus
585 1003 700 1065 parens
727 986 837 1048 noster
863 983 1016 1048 reformet
1039 987 1072 1048 et
1143 997 1145 1000 ’

10 1071 205 1154 recorrigat.
246 1068 404 1153 Alioquin
430 1069 513 1134 nibil
538 1090 606 1134 non
632 1085 746 1154 parum
774 1076 865 1156 grate
892 1073 960 1136 sine
986 1091 1070 1136 com-

53 1160 223 1244 paratione
245 1159 403 1226 landatur.
438 1157 607 1224 Praeterea
629 1159 691 1224 hoo
720 1161 860 1243 primum
888 1182 965 1246 erga
989 1161 1106 1244 opti-a

54 1271 147 1312 mum
169 1249 396 1332 imperatorem
419 1249 547 1332 piorum
566 1249 685 1314 civium
704 1249 847 1314 officium
870 1254 926 1333 est,
946 1249 1072 1332 insequi

55 1336 238 1403 dissimiles.
273 1336 388 1420 Neque
412 1338 499 1402 enim
527 1338 605 1402 satis
632 1338 748 1404 amarit
775 1338 877 1404 bonos
901 1337 1072 1421 principes,

55 1427 115 1508 qui
137 1427 239 1490 malos
264 1425 369 1510 [satis]
394 1448 460 1490 non
483 1425 594 1490 oderit.
631 1424 741 1510 Adice,
764 1427 851 1510 quod
868 1428 1071 1511 imperatoris
1091 1443 1106 1488 3

11 1545 38 1585 11
55 1516 161 1580 nostri
174 1537 241 1580 non
253 1515 341 1580 aliud
355 1517 493 1599 amplius
511 1535 550 1578 ac
564 1515 710 1582 diffusius
728 1517 879 1582 meritum
899 1521 956 1600 est,
974 1534 1071 1598 quam

56 1603 146 1686 quod
168 1605 318 1670 insectari
341 1605 443 1670 malos
465 1605 626 1688 principes
654 1608 761 1670 tutum
784 1609 841 1672 est.
877 1603 932 1670 An
953 1605 1107 1674 exoiutr

56 1694 163 1758 dolori
177 1696 287 1758 nostro
302 1693 398 1758 modo
413 1693 593 1760 vindicatus
607 1692 717 1760 Nero?
739 1693 954 1778 Permitteret,
967 1695 1072 1777 credo,

56 1784 178 1850 famam
201 1783 365 1865 vitamque
388 1783 456 1847 eius
479 1783 576 1866 carpi,
601 1783 658 1865 qui
684 1787 822 1850 mortem
849 1779 1073 1867 ulciscebatur,

55 1893 117 1938 neo
140 1872 234 1936 utin
257 1893 290 1936 se
319 1871 403 1936 diota
430 1872 703 1957 interpretaretur,
732 1895 812 1957 qnae
841 1873 880 1938 de
907 1873 1073 1938 simillimo

12 1961 248 2030 iudicarentur.
290 1959 393 2036 Quare
421 1961 444 2041 †
471 1982 531 2046 ego
559 1965 605 2044 te,
634 1960 762 2045 Caesar,
792 1963 978 2028 muneribus
1008 1963 1108 2026 tuiso

56 2049 209 2116 omnibus
237 2071 397 2133 comparo,
424 2050 535 2116 multis
564 2054 734 2132 antepono,
761 2051 848 2132 quod
875 2051 952 2116 licet
978 2051 1072 2116 nobis

56 2143 91 2204 et
113 2140 150 2204 in-
170 2139 379 2222 praeteritum
403 2138 442 2202 de
466 2139 560 2204 melis
587 2138 835 2222 imperatoribus
863 2139 982 2204 cotidie
1004 2140 1072 2203 vin-

57 2227 158 2293 dicari
173 2231 205 2292 et
218 2227 344 2292 futuros
359 2227 418 2292 sub
432 2229 580 2310 exemplo
595 2241 802 2311 praemonere
816 2229 942 2292 nullum
955 2227 1073 2315 locum,

56 2317 185 2380 nullum
204 2337 271 2384 esse
290 2319 427 2400 tempus,
448 2338 512 2399 quo
535 2317 736 2382 funestorum
759 2317 942 2400 principum
963 2339 1073 2383 manes

15 2428 77 2474 aaa
104 2409 309 2489 posterorum
336 2405 591 2470 execrationibus
619 2407 855 2489 conquiescant.
896 2403 965 2480 Quo
999 2421 1108 2470 con-6

58 2496 207 2576 stantius,
228 2498 335 2578 patres
358 2495 541 2578 conscripti,
565 2499 597 2560 et
615 2495 741 2560 dolores
759 2498 887 2560 nostros
906 2499 939 2562 et
957 2495 1073 2580 gaudia

57 2583 268 2667 proferamus,
286 2585 442 2648 laetemur
460 2583 520 2666 his,
535 2584 651 2666 quibus
666 2584 811 2667 fruimur,
825 2583 1073 2669 ingemiscamus

57 2673 133 2756 illis,
157 2693 238 2754 quae
260 2671 470 2756 patiebamur.
508 2671 612 2738 Simul
632 2677 805 2756 utrumque
822 2673 1006 2738 faciendum
1024 2673 1093 2739 est

59 2761 119 2826 sub
144 2761 230 2825 bono
254 2761 405 2844 principe.
443 2760 516 2827 Hoc
539 2765 660 2826 secreta
683 2767 802 2845 nostra,
820 2761 883 2826 hoc
902 2783 1073 2844 sermones,

17 2878 44 2920 so
58 2850 122 2916 hoa
144 2851 233 2933 ipsae
257 2851 433 2935 gratiarum
456 2851 598 2916 annones
619 2854 718 2936 agant
736 2850 1004 2934 meminerintque
1028 2851 1073 2916 sio

59 2941 199 3004 maxime
230 2939 355 3004 laudari
386 2939 581 3006 incolumem
614 2941 854 3024 imperatorem,
891 2941 918 3004 si
951 2940 1073 3024 priores
1185 2961 1193 2968 ·

59 3049 150 3094 secus
165 3028 273 3092 meriti
286 3026 567 3112 reprehendantur.
594 3025 690 3112 Nam,
709 3050 782 3092 cum
796 3031 899 3094 malos
913 3029 1073 3113 principes

133 3153 166 3203 10
191 3151 219 3203 et
237 3145 364 3217 alioquin
384 3151 488 3216 Liuia,
507 3149 619 3216 Boebr,
639 3149 767 3218 (alioqui)
787 3149 872 3204 KH.
948 3156 981 3203 14
1005 3149 1073 3203 satis

58 3223 109 3277 del.
131 3221 228 3276 Modo.
249 3222 311 3275 odo.
321 3222 445 3276 111220.
538 3226 571 3274 20
596 3237 648 3290 ego
668 3221 719 3292 [te]
740 3222 809 3286 K.I,
833 3238 886 3290 ego
903 3237 968 3274 vero
988 3222 1074 3286 ΚΠ,

58 3310 112 3364 ego
131 3293 162 3346 in
180 3295 210 3346 te
224 3292 335 3359 Bocbr,
355 3293 429 3347 circa
447 3294 476 3346 te
491 3291 611 3348 senate
625 3297 674 3358 29,
694 3307 760 3361 ergo
779 3295 808 3346 te
821 3293 898 3346 codd.
913 3293 1074 3358 Baehrensi,

58 3364 192 3433 equidem
210 3363 225 3416 ,9
297 3370 330 3417 27
350 3363 582 3419 laet-fruimur
595 3364 631 3430 A,
652 3364 775 3433 Cuspio„
789 3365 854 3417 KI
866 3370 947 3431 eamq.
963 3365 1074 3429 aaran,

58 3435 172 3502 Baebr,
190 3452 241 3489 om.
257 3437 342 3490 KH.
412 3441 445 3489 32
465 3435 554 3490 malos
572 3430 714 3504 principes
728 3435 839 3502 Boebr,
857 3432 933 3487 malo
947 3435 1074 3503 principe

58 3509 145 3575 codd,
165 3506 201 3560 de
219 3507 294 3563 malo
314 3526 355 3577 pr.
375 3509 446 3578 culp.
527 3537 533 3550 ·
