2468 3938
61 233 68 250 β
147 154 190 219 84
581 153 608 208 Ο,
628 153 726 207 PLINI

147 320 220 383 dam
244 317 398 382 desiderio
422 317 521 382 vestri
543 320 703 400 tenemur,
726 317 812 400 quod
839 340 907 381 non
927 319 1012 381 ultra
1035 316 1161 381 differe-

146 428 232 490 mus3
255 410 350 490 atque
374 407 451 470 adeo
476 407 540 486 iam
566 407 740 470 sarcinulas
768 407 938 492 alligamus
965 406 1162 489 festinaturi,

112 512 128 560 3
148 500 304 579 quantum
327 496 450 559 itineris
472 495 555 558 ratio
578 495 767 579 permiserit.
812 495 885 559 Erit
913 517 986 578 una,
1012 496 1068 559 sed
1090 495 1161 558 bre-

147 586 197 649 vis
219 606 323 668 mora3
347 585 552 648 deflectemus
571 585 606 647 in
624 583 754 667 Tuscos,
774 606 840 648 non
858 587 896 647 ut
914 605 1008 670 agros
1026 605 1160 666 remque

146 675 337 737 familiarem
357 672 458 737 oculis
473 672 667 737 subiciamus
688 671 734 760 (id
753 674 838 737 enirn
857 673 1009 756 postponi
1027 669 1162 758 potest),
1190 700 1200 738 5

113 779 130 826 4
148 764 204 827 sed
226 766 263 825 ut
280 762 454 848 fungamur
471 762 648 826 necessario
668 761 785 826 officio.
823 759 985 845 Oppidum
1004 765 1054 826 est
1071 783 1162 846 prae-

149 853 210 915 diis
228 852 347 915 nostris
365 851 507 915 vicinum
527 848 659 937 (nomen
676 851 798 914 Tiferni
817 847 983 952 Tiberini),
1003 851 1162 951 quodume

148 962 255 1093 11111
272 939 538 1112 {illelmi
556 942 1164 1110 lsflffllbltllflbtlss

113 1134 129 1183 o
148 1118 400 1202 profectionibus
424 1118 563 1202 angitur,
584 1116 761 1182 honoribus
785 1118 911 1203 gaudet.
943 1115 982 1180 In
1005 1117 1068 1181 hoo
1090 1138 1163 1202 ege,
1179 1145 1203 1184 10

149 1211 186 1271 ut
207 1207 358 1271 referrem
382 1207 518 1292 gratiam
542 1203 628 1292 (nam
649 1207 735 1270 vinci
756 1207 790 1269 in
811 1228 918 1270 amore
937 1207 1162 1289 turpissimum

149 1293 222 1381 est),
236 1296 393 1380 templum
409 1295 544 1379 pecunia
562 1317 633 1358 mea
654 1296 791 1378 extruxi,
809 1296 899 1373 cuius
919 1295 1165 1377 dedicationem,

150 1406 223 1449 cum
256 1385 299 1448 sit
329 1387 493 1468 paratum,
525 1383 651 1448 differre
683 1385 812 1469 longius
845 1384 1067 1469 inreligiosum
1105 1387 1164 1448 est.

115 1489 130 1537 1
150 1473 280 1536 Erimus
300 1494 376 1557 ergo
396 1472 442 1535 ibi
460 1472 668 1536 dedicationis
692 1473 752 1556 die,
771 1495 866 1556 quem
886 1475 980 1556 epulo
1001 1472 1164 1537 celebrare

150 1562 311 1627 constitui.
358 1558 575 1625 Subsistemus
597 1561 734 1626 fortasse
762 1565 794 1626 et
817 1563 972 1645 sequenti,
995 1561 1051 1625 sed
1070 1564 1164 1624 tanto
1181 1590 1205 1628 1⁵

116 1651 254 1735 imagis
281 1650 367 1713 viam
395 1650 498 1733 ipsam
531 1651 747 1734 corripiemus.
793 1648 969 1736 Contingat
1000 1650 1098 1713 modo
1130 1654 1165 1713 te

150 1739 314 1822 filiamque
341 1742 430 1802 tuam
461 1738 561 1802 fortes
594 1739 748 1803 invenire!
781 1762 856 1802 nam
887 1738 1005 1803 hilares
1038 1742 1166 1803 eertum

151 1831 209 1911 est,
232 1828 259 1892 si
281 1847 340 1891 nos
355 1827 539 1890 incolumes
562 1829 754 1911 receperitis.
800 1827 889 1892 Vale.

637 1993 676 2050 Π.
1222 2021 1223 2050 l

325 2092 645 2140 o.1>nm1usnur10
670 2092 848 2140 ouuuuum
873 2093 937 2140 suo
962 2093 988 2140 s.
1182 2059 1223 2144 20l

117 2200 131 2246 1
217 2181 361 2267 Regulus
380 2183 483 2246 filium
502 2183 610 2247 amisit
627 2183 690 2248 hoc
708 2205 772 2247 uno
792 2184 877 2247 malo
897 2183 1057 2268 indignus,
1076 2184 1167 2265 quod

151 2271 258 2335 nescio
282 2294 323 2335 an
346 2272 467 2335 malum
490 2274 590 2355 putet.
626 2270 706 2335 Erat
733 2294 813 2356 puer
840 2273 921 2336 aeris
949 2271 1079 2357 ingenii,
1109 2273 1168 2335 sed

62 2367 68 2382 ⁸
152 2360 305 2445 ambigui,
328 2361 384 2442 qui
406 2364 514 2424 tamen
532 2363 641 2444 posset
662 2365 749 2425 reeta
767 2363 891 2444 sectari,
909 2361 936 2424 si
954 2364 1078 2444 patrem
1099 2382 1169 2424 non
1222 2359 1223 2364 ’

11 2395 113 2505 ’ΨΜ
151 2449 291 2513 referret.
337 2447 433 2512 Hunc
455 2449 599 2534 Regulus
627 2450 849 2533 emancipavit,
872 2453 909 2512 ut
935 2449 1027 2513 heres
1050 2450 1166 2512 matris
1222 2521 1223 2528 ἵ

11 2466 132 2698 ff
153 2539 316 2620 existeret3
339 2538 556 2621 mancipatum
580 2536 639 2624 (ita
662 2517 759 2624 fflgo
788 2561 827 2602 ex
850 2538 993 2602 moribus
1021 2537 1166 2602 hominis
1182 2567 1209 2605 2⁵

152 2622 380 2712 loquebantur)
403 2621 497 2690 fflda
520 2630 552 2690 et
575 2627 705 2691 insolita
730 2627 916 2710 parentibus
944 2626 1167 2712 indulgentiae

153 2716 357 2780 simulatione
376 2715 533 2799 captabat.
569 2713 768 2800 incredibile,
791 2717 847 2781 sed
866 2715 1026 2801 Regulum
1045 2716 1166 2801 cogita.

72 2835 83 2854 ·
118 2820 134 2866 3
153 2801 318 2868 Amissum
337 2807 445 2868 tamen
461 2805 552 2889 luget
571 2805 689 2868 insane.
726 2804 875 2868 Habebat
895 2827 975 2888 puer
992 2805 1166 2868 mannulos

153 2893 273 2957 multos
301 2897 333 2957 et
361 2894 486 2957 iunctos
514 2896 546 2957 et
573 2895 710 2977 solutos,
737 2894 877 2958 habebat
905 2915 998 2958 canes
1025 2893 1166 2957 maiores

11 2950 121 3232 y
153 2981 366 3064 minoresque,
379 2981 519 3046 habebat
533 2983 695 3066 luscinias,
708 2984 872 3066 psittacos,
886 2983 1041 3067 merulas3
1052 3003 1167 3046 omnes
1184 3012 1213 3049 so

118 3067 297 3153 4Regulus
320 3071 404 3133 circa
425 3093 540 3156 rogum
564 3072 744 3136 trucidavit.
790 3071 859 3136 Nec
886 3072 978 3136 dolor
1005 3073 1073 3135 erat
1101 3071 1168 3154 ille,

155 3157 210 3221 sed
233 3160 404 3222 ostentatio
429 3160 556 3223 doloris.
602 3158 798 3224 Convenitur
821 3162 861 3225 ad
884 3184 957 3225 eum
980 3160 1062 3223 mira
1085 3161 1168 3224 cele

154 3246 280 3310 britate.
317 3244 431 3311 Cuncti
455 3249 661 3333 detestantur,
684 3250 820 3314 oderunt
838 3254 879 3333 et,
903 3250 994 3333 quasi
1017 3249 1168 3332 probent,

228 3463 260 3509 17
284 3473 350 3509 narn
372 3457 421 3510 hil.
446 3461 552 3511 certum
575 3461 618 3512 est
640 3461 746 3528 Fpra,
768 3460 828 3515 Orto
841 3465 904 3526 299,
930 3477 996 3513 nam
1019 3460 1170 3531 continget
1222 3511 1223 3524 ,

155 3525 204 3580 hil.
226 3529 263 3582 M
272 3529 336 3591 VD,
352 3529 388 3581 K.
405 3529 485 3596 (disp.
497 3532 561 3596 19),
579 3547 645 3583 nam
664 3530 712 3584 hil.
733 3533 805 3584 cont.
825 3531 998 3602 8111191662.
