2468 3938
60 97 580 590 (Μιόειρῦιιιιλφισᾶᾟ
593 329 743 414 ampullis
762 312 939 482 ceterpque
962 329 1088 415 generis
1125 346 1141 394 c

8 429 11 436 ⁴
73 416 217 482 eiusdem
235 417 381 483 videmus
400 417 551 503 accidere,
570 419 687 502 quibus
705 439 772 483 non
789 419 843 482 hia
901 438 960 483 neo
979 418 1089 483 stetim

6 513 8 530 '
97 509 188 570 otene
211 505 325 571 exitus.
360 507 446 572 Nem
469 508 526 572 ille
549 528 687 592 quoque,
706 529 900 592 quemquem
918 529 1021 592 prone
1043 510 1090 571 et
1144 501 1156 520 “

77 616 142 679 que
163 595 338 680 vergentia,
360 619 418 680 per
441 596 595 680 quasdem
617 597 812 662 obluctantis
835 597 961 661 animae
983 617 1089 661 mores

48 684 197 750 ecrebris
220 685 312 767 quasi
335 685 532 771 singultibus
555 687 683 770 sistunt,
706 685 793 770 quod
816 685 994 750 effimdunt.
1028 684 1090 768 An,
1127 701 1142 749 ι

77 794 160 857 quae
183 793 303 838 ocecno
325 778 449 858 nature,
470 775 555 839 fonti
578 795 716 859 quoque,
739 797 866 858 queque
887 775 943 838 ille
964 773 1090 839 ratione

76 862 167 964 cut
158 883 214 946 mp
262 863 325 927 'tur
351 867 408 928 aut
433 864 629 947 res,orbetur
656 864 717 928 huc
744 864 889 928 modicus
915 864 970 928 hic
996 883 1091 927 umor

226 951 358 1017 alternis
381 953 593 1036 supprimitur
616 952 853 1037 relegentur?
884 950 946 1037 An,
973 955 1010 1017 ut
1032 951 1091 1016 flu·
1126 968 1142 1016 8

76 1041 178 1123 mino,
229 1062 289 1105 uae
315 1041 350 1104 in
377 1064 464 1106 mere
492 1040 691 1125 deferuntur,
716 1040 958 1107 adversantibus
984 1041 1090 1106 ventis

37 1156 63 1195 ιι
78 1129 175 1194 obvio
223 1151 241 1194 e
275 1134 367 1195 cestu
401 1134 640 1214 retorquentur,
674 1092 720 1195 ite
756 1135 805 1196 est
836 1129 971 1214 aliquid,
1004 1128 1091 1231 quod

76 1219 136 1283 hui
191 1219 273 1283 font
250 1222 293 1284 trs
311 1239 481 1284 excursum
498 1219 714 1304 repercutiet?
741 1217 795 1283 An
807 1219 982 1285 latentibus
1000 1219 1091 1283 venis
1127 1236 1143 1284 9

77 1328 113 1372 ce
197 1329 356 1392 mensure,
388 1331 470 1393 quae
502 1309 579 1374 dum
612 1309 745 1394 colligit
773 1309 860 1392 quod
892 1309 1091 1390 exhauserat,

76 1397 147 1461 min
167 1419 186 1460 r
206 1397 296 1462 rivus
319 1359 356 1462 et⁷
372 1398 505 1500 pigrior,
528 1419 601 1463 cum
625 1398 764 1484 collegit,
788 1399 904 1483 agilior
925 1397 1092 1480 maiorque

4 1545 6 1562 ‚
76 1507 137 1569 pro
152 1485 261 1550 crtus?
298 1483 353 1551 An
378 1488 486 1552 nescio
515 1487 602 1571 quod
628 1487 712 1552 libra
747 1490 863 1588 entum·
885 1486 1031 1552 abditum
1059 1488 1144 1552 etro

585 1577 590 1589 “
942 1574 1091 1640 etelicit

74 1664 109 1728 fo
167 1685 199 1726 m
201 1624 301 1747 :cum
319 1666 488 1749 repletum,
541 1668 651 1729 oretur
666 1668 700 1729 et
733 1579 918 1766 tiengulatl
942 1663 1092 1800 Scrutare
1110 1683 1143 1731 ιι

96 1841 102 1854 .
136 1773 249 1855 causes
272 1750 378 1855 (potes
403 1752 504 1839 enim)
543 1843 549 1856 ⁸
624 1843 630 1855 ι

40 3095 64 3134 ιι
145 3067 305 3156 Legatum
332 3070 413 3133 mihi
441 3070 572 3134 obvenit
636 3070 780 3153 odicum,
809 3068 864 3135 sed
893 3067 1127 3152 amplissimol

2 3207 7 3223 .
78 3159 211 3244 gratius.
267 3157 332 3223 Cur
365 3159 564 3243 amplissimo
659 3159 745 3224 tius?
790 3158 970 3243 Pomponio
1002 3156 1093 3223 Gella

77 3247 272 3313 exheredato
291 3249 361 3312 filio
379 3246 504 3313 Asudio
519 3245 595 3312 Curi
638 3270 657 3312 0
675 3247 826 3313 heredem
841 3248 1016 3331 reliquerat
1033 3269 1094 3330 me,

79 3337 211 3403 dederet
234 3337 405 3402 coheredes
434 3334 612 3402 Sertorium
636 3335 798 3423 Severum,
824 3338 1020 3422 praetorium
1047 3335 1094 3400 vi·

79 3548 175 3618 ΜΨ
151 3476 465 3619 8νέἳ11ἔέῖὲιιέίθιῦν
464 3476 620 3547 ,erigiturq
641 3478 700 3543 eV,
649 3476 1092 3686 fiepgrweriturs,
