2458 3940
145 104 211 170 342
582 103 612 158 0.
631 53 729 158 PlsIllI
767 185 772 192 ‚
805 153 807 170 ,
879 147 881 152 .

145 289 223 352 ergo
246 268 370 333 civibus
393 268 465 333 tuis*
481 271 514 332 to
533 267 670 344 invicem
689 268 848 351 contueri3
871 267 1000 333 dabitur
1022 287 1091 332 non
1113 288 1169 331 cu·
1217 337 1218 348 ,

145 357 290 420 biculum
312 356 476 440 principis,
495 357 551 420 sed
569 357 676 440 ipsum
694 357 870 440 principem
894 377 1023 422 cernere
1047 355 1084 420 in
1108 378 1168 440 pn·

146 446 241 528 blico,
255 447 290 510 in
302 447 424 529 populo
443 446 615 529 sedentem,
632 447 764 530 populo,
783 447 835 510 cui
851 448 999 511 locorum
1018 445 1169 528 quinque

146 535 236 598 milia
253 533 406 600 adiecisti.
441 532 586 598 Auxeras
609 535 696 598 enim
718 557 888 600 numerum
912 535 980 600 eius
1004 535 1170 619 congiarii
1217 533 1218 560 ³

144 623 300 688 facilitate
328 625 547 708 maioremque
569 625 604 690 in
624 629 790 707 posterum
810 624 930 707 suscipi
956 623 1168 688 liberalitatis
1194 649 1201 687 ι

146 715 220 776 tuae
243 713 306 777 fide
329 713 475 778 iusseras.
1217 761 1218 800 ι

94 799 140 866 52
213 799 339 865 Horum
362 825 463 868 unum
487 803 516 865 si
536 801 750 886 praestitisset
772 802 864 884 alius,
882 802 947 866 iam
971 800 1097 866 dudum
1117 802 1168 866 illi
1217 847 1218 882 ι

147 890 307 954 radiatum
330 895 427 974 caput
450 894 482 955 et
504 890 609 956 media
631 892 716 955 inter
738 890 814 955 deos
838 891 927 955 sedes
955 911 1033 954 auro
1054 893 1168 972 staret,

87 1037 89 1044 ,
146 984 203 1045 aut
217 979 312 1044 ebore
326 980 631 1066 augustioribusqne
649 980 712 1044 aris
731 983 763 1044 et
777 978 1001 1064 grandioribus
1019 979 1167 1044 victimis

110 1069 356 1134 ainvocaretur.
393 1068 442 1133 Tu
473 1068 606 1134 debrbra
636 1090 703 1132 non
734 1068 797 1133 nisi
829 1068 1017 1132 adoraturus
1051 1069 1167 1150 intras,
1181 1093 1218 1146 o¹

145 1157 207 1224 tibi
230 1158 390 1222 maximus
412 1157 518 1228 honor
541 1158 697 1223 excubare
718 1179 778 1241 pro
796 1158 927 1241 templis
948 1158 1167 1241 postibusque
1217 1185 1218 1238 ι

10 1291 11 1296 1
144 1248 296 1332 praetexi.
334 1245 388 1311 Sic
417 1247 464 1331 fit,
494 1250 531 1311 ut
560 1246 617 1310 tc'bt
646 1246 680 1310 di
709 1268 871 1311 summum
901 1245 1167 1312 inter-homines
1217 1241 1218 1330 l

110 1353 126 1400 3
145 1336 311 1422 fastigium
335 1340 470 1419 servent,
494 1356 567 1400 cum
586 1335 719 1400 deorum
742 1337 811 1419 ipse
829 1357 896 1401 non
914 1335 1063 1400 adfectos.
1101 1333 1166 1399 Ita-
1217 1367 1218 1380 ι

146 1446 207 1506 que
236 1429 326 1490 tuam
354 1428 494 1490 statuam
521 1425 557 1489 in
583 1425 743 1490 vestibulo
771 1423 858 1490 Iovis
886 1425 1002 1509 optimi
1027 1425 1167 1489 maximi
1217 1447 1218 1500 1

144 1509 242 1578 unam
266 1514 439 1579 alteramve
466 1518 499 1578 et
526 1513 610 1580 hanc
636 1535 761 1580 aeream
789 1514 959 1579 cernimus.
994 1511 1041 1578 At
1062 1514 1203 1597 paulos

143 1607 218 1668 ante
246 1602 352 1667 aditus
380 1624 505 1686 omnes,
533 1624 643 1668 omnes
674 1603 791 1688 gradus
820 1607 954 1686 totaque
983 1624 1057 1667 area
1085 1602 1167 1666 hinc

145 1711 233 1773 auro,
259 1691 336 1755 hinc
363 1696 496 1775 argento
524 1691 689 1758 relucebat
721 1713 777 1758 seu
808 1693 918 1776 potius
949 1691 1167 1775 polluebatur,

146 1801 219 1843 cum
241 1778 357 1845 incesti
378 1780 534 1865 principis
557 1781 672 1846 statuis
695 1781 855 1865 permixta
878 1781 1012 1845 deorum
1032 1780 1167 1844 simula·

109 1883 199 1934 tora
231 1867 403 1932 sorderent.
439 1869 528 1955 Ergo
561 1870 641 1935 istae
673 1870 803 1952 quidem
835 1892 945 1936 aereae
977 1873 1010 1934 et
1040 1889 1166 1952 paucae

146 1960 277 2022 manent
299 1959 537 2042 manebuntque
561 1981 657 2042 quam
683 1958 739 2024 diu
766 1959 924 2043 templum
947 1959 1063 2043 ipsum,
1085 1959 1167 2022 illae
1182 1987 1207 2026 a·

144 2051 253 2111 autem
276 2067 390 2112 marcae
412 2051 444 2111 et
466 2048 716 2112 innumerabiles
740 2051 846 2134 strage
867 2052 900 2113 et
917 2049 1011 2112 ruina
1028 2047 1165 2131 publico

146 2136 263 2221 gaudio
286 2137 468 2202 litaverunt.
505 2135 641 2201 Iuvabat
663 2137 787 2203 illidere
814 2138 884 2204 solo
913 2137 1166 2220 superbissimos
1217 2195 1218 2220 ,

145 2225 263 2308 vultus,
285 2226 405 2290 instare
427 2226 522 2308 ferro,
545 2227 666 2292 saevire
693 2227 868 2309 securibus,
894 2229 932 2290 ut
960 2227 988 2289 si
1015 2226 1165 2311 singulos
1217 2255 1218 2272 ι

111 2328 127 2376 o
146 2312 228 2378 ictus
243 2315 373 2399 sanguis
388 2315 542 2397 dolorque
557 2320 750 2398 sequeretur.
780 2313 882 2380 Nemo
896 2319 964 2379 tam
978 2319 1165 2398 temperans
1217 2395 1218 2400 ἵ

147 2403 256 2488 gaudii
279 2425 429 2487 seraeque
451 2403 601 2487 laetitiae,
625 2406 704 2490 quin
724 2405 826 2468 instar
847 2404 981 2468 ultionis
999 2404 1166 2468 videretur
1180 2421 1218 2486 a}

147 2513 274 2556 cernere
287 2493 410 2558 laceros
424 2497 521 2576 artus,
539 2497 687 2558 truncata
701 2494 853 2575 membra,
871 2497 1034 2576 postremo
1054 2496 1165 2558 truces
1217 2489 1218 2508 ³

146 2580 385 2665 horrendasque
411 2581 567 2668 imagines
596 2583 736 2648 obiectas
769 2586 980 2666 excoctaeque
1011 2582 1165 2666 flammis,

147 2673 184 2733 ut
207 2692 246 2733 ex
268 2671 326 2736 illo
348 2674 469 2735 terrore
493 2675 525 2734 et
548 2672 643 2736 minis
666 2673 701 2735 in
722 2693 817 2736 usum
844 2671 1013 2736 hominum
1041 2693 1079 2735 ao
1107 2693 1165 2736 so·
1217 2729 1218 2754 ,

112 2759 287 2842 oluptates
309 2760 439 2845 ignibus
462 2763 670 2826 mutarentur.
708 2758 814 2824 Simili
831 2761 1017 2842 reverentia,
1037 2759 1166 2842 (laesor,
1217 2803 1218 2850 ,

148 2869 214 2912 non
236 2848 321 2931 apud
344 2849 474 2933 genium
498 2852 589 2914 tuum
613 2850 752 2914 bonitati
774 2854 849 2914 tuae
873 2851 992 2935 gratias
1014 2849 1077 2935 agi,
1106 2851 1166 2914 sed
1180 2864 1218 2914 so*

148 2937 234 3020 apud
256 2959 376 3001 numen
397 2936 484 3003 Iovis
508 2939 623 3022 optimi
646 2939 778 3004 maximi
807 2940 951 3022 peteris3'
970 2937 1018 3002 illi
1047 2938 1167 3006 debere

148 3047 217 3109 nos,
240 3026 479 3109 quidquidtibi
503 3027 683 3111 debeamus,
705 3028 803 3114 illius,
831 3028 919 3111 quod
946 3028 1026 3092 bene
1053 3027 1167 3107 facias,

222 3207 235 3252 1
259 3200 314 3253 tibi
333 3202 361 3254 et
384 3200 492 3255 civibus
514 3202 571 3256 tuis
594 3203 648 3256 inv.
673 3203 784 3268 Boebr,
807 3202 865 3256 tuis
890 3203 919 3257 et
941 3202 1061 3256 invicem
1081 3205 1169 3261 Kroll

147 3271 213 3324 diss.
239 3272 313 3326 Vrct.
333 3277 403 3326 1891
427 3273 490 3327 tter.
505 3279 523 3327 9
541 3275 669 3342 probat,
691 3275 763 3327 albii
785 3281 851 3329 mut.
871 3273 992 3330 Schmin
1011 3291 1041 3342 p.
1055 3277 1103 3329 29.

151 3345 184 3390 12
203 3340 258 3393 tibi
275 3343 339 3396 odd.
356 3344 437 3398 KH
451 3344 492 3414 (di
509 3344 589 3413 tibi),
602 3345 648 3399 dei
666 3343 721 3398 tibi
734 3346 836 3400 Buebr.
910 3351 943 3398 13
963 3343 1090 3400 adfectos
1104 3365 1168 3409 sor.⁹

150 3409 270 3476 adeptus
292 3414 368 3467 codd.
374 3454 383 3480 ,
407 3417 525 3484 appetas
548 3417 657 3482 Liuia,
680 3417 772 3481 ΚΠ,
795 3417 912 3484 Baete,
936 3417 1053 3485 adopta·
1074 3419 1169 3489 Σήμ,

150 3479 220 3531 K.I.
294 3487 327 3534 at
346 3483 465 3539 flammis
485 3489 668 3554 excoctaeque
688 3487 775 3552 ΚΠ,
794 3488 895 3542 Baete.
