2482 3942
352 170 609 226 EPISTULARUM
627 171 692 226 Vm
711 179 824 230 14—16.
1028 175 1092 239 211

556 340 620 400 XV.

345 439 373 487 c.
397 440 537 488 annuus
560 441 696 489 ruruovu
720 441 785 489 suo
810 442 837 492 s.

149 526 287 593 Oneravi
305 533 338 594 te
358 533 409 594 tot
428 531 549 615 pariter
568 530 675 595 missis
696 532 924 616 voluminibus,
945 533 1001 597 sed
1022 551 1130 599 one-1

76 617 164 702 ravi,
190 619 331 702 primum
365 620 441 702 quia
473 641 636 706 exegeras,
669 620 782 684 deinde
812 620 890 704 ,quia
922 623 1094 706 scripseras

49 711 148 774 stam
172 707 307 793 graciles
330 707 404 773 istic
426 709 604 773 vindemias
627 731 705 792 esse,
722 713 760 774 ut
781 711 876 793 plane
900 711 1014 776 scirem
1033 713 1094 777 tibi

76 800 278 879 vacaturum,
302 797 388 880 quod
411 799 508 884 vulgo
533 797 659 881 dicitur,
676 797 796 863 librum
819 799 934 886 legere.
970 799 1093 866 Eadem
1113 815 1129 866 2

77 908 119 949 ex
143 885 224 949 meis
248 886 360 972 agellis
383 887 582 950 nuntiantur.
626 884 731 973 Igitur
758 885 840 951 mihi
868 910 995 972 quoque
1020 891 1094 954 lice-

6 1051 8 1056 ,
76 975 129 1038 bit
157 973 303 1058 scribere,
331 997 411 1058 quae
437 977 535 1062 legas,
563 977 606 1040 sit
632 975 738 1058 modo,
765 975 850 1040 unde
878 977 1006 1042 chartae
1030 980 1094 1044 emi

75 1063 218 1148 possint3
247 1085 328 1148 quac
356 1065 384 1128 si
407 1065 536 1129 scabrae
560 1064 728 1129 bibulaeve
752 1065 826 1148 sint,
849 1068 905 1129 aut
927 1088 994 1131 non
1017 1069 1094 1133 scri-

34 1179 61 1219 ιο
76 1151 234 1236 bendum,
262 1156 319 1216 aut
349 1154 542 1237 necessario,
574 1153 731 1237 quidquid
763 1155 983 1237 scripserimus
1015 1156 1094 1221 boni

76 1241 206 1325 malive,
229 1241 414 1307 delebimus.
459 1241 548 1307 Vale.

546 1407 626 1466 XVI.

329 1507 705 1555 c.eu1u1usmnnau0
730 1508 795 1556 suo
820 1508 846 1556 s.

146 1594 359 1662 Confecerunt
376 1619 428 1660 me
446 1598 648 1662 infirmitates
672 1618 826 1682 meorum,
846 1602 966 1664 mortes
985 1599 1092 1684 etiam,
1111 1616 1127 1664 1

32 1715 59 1753 15
75 1691 111 1751 et
140 1687 269 1771 quidem
297 1687 456 1750 iuvenum.
513 1684 640 1751 Solacia
673 1687 735 1751 duo
767 1709 971 1771 nequaquam
1002 1689 1092 1773 paria

74 1779 170 1840 tanto
198 1775 310 1859 dolori,
338 1776 456 1840 solacia
483 1779 601 1860 tamen,
628 1797 727 1839 unum
757 1776 895 1842 facilitas
919 1779 1092 1842 manumit-

74 1863 167 1929 tendi
191 1861 315 1951 (videor
338 1865 423 1928 enim
450 1886 516 1928 non
542 1865 673 1928 omnino
701 1865 879 1930 immaturos
907 1866 1091 1949 perdidisse,

76 1975 160 2038 quos
174 1954 239 2017 iam
256 1954 375 2018 liberos
393 1951 542 2038 perdidi),
555 1955 700 2036 alterum,
719 1954 805 2035 quod
823 1955 975 2038 permitto
991 1957 1090 2020 servis

76 2064 208 2127 quoque
231 2043 324 2125 quasi
345 2046 538 2106 testamenta
559 2042 664 2107 facere
687 2064 787 2125 eaque
809 2047 847 2106 ut
868 2043 1015 2129 legitima
1038 2065 1091 2108 cu-

31 2131 194 2198 eustadio.
239 2130 395 2196 Mandant
429 2135 623 2218 rogantque,
655 2132 741 2214 quod
772 2132 891 2215 visum,
923 2154 1020 2216 pareo
1052 2137 1124 2197 uta

73 2223 193 2302 iussus.
238 2219 404 2303 Dividunt,
434 2220 563 2305 donant,
592 2220 779 2302 relinquunt
806 2221 973 2284 dumtaxat
1005 2221 1090 2285 intra

74 2310 224 2394 domum,
255 2331 329 2373 nam
367 2309 466 2373 servis
497 2332 547 2374 res
583 2309 713 2394 publica
746 2310 901 2392 quaedam
934 2313 966 2373 et
998 2311 1090 2393 quasi

74 2399 191 2465 civitas
224 2398 337 2463 domus
370 2401 426 2462 est.
465 2395 536 2482 Sed,
569 2419 763 2482 quamquam
795 2397 846 2462 his
879 2398 1006 2463 solaciis
1036 2399 1124 2462 ada

74 2489 250 2572 quiescam,
273 2487 423 2551 debilitor
446 2491 478 2551 et
499 2487 632 2574 frangor
659 2486 769 2550 eadem
797 2487 852 2551 illa
878 2485 1089 2571 humanitate,

29 2605 57 2644 aa
74 2599 160 2661 quae
187 2599 252 2660 me,
279 2580 317 2640 ut
343 2576 405 2641 hoc
433 2577 538 2659 ipsum
566 2577 798 2660 permitterem,
825 2576 961 2640 induxit.
1012 2574 1088 2640 Non

72 2667 150 2732 ideo
173 2669 282 2730 tamen
303 2666 401 2729 velim
424 2665 534 2729 durior
555 2665 633 2728 fieri.
678 2663 748 2729 Nec
771 2665 884 2751 ignoro
913 2665 993 2729 alios
1020 2665 1088 2729 eius

72 2754 166 2819 modi
189 2774 280 2818 casus
302 2753 384 2818 nihil
407 2754 544 2837 amplius
562 2775 676 2818 vocare
695 2776 791 2837 quam
815 2755 967 2818 damnum
987 2776 1088 2837 ecque

73 2844 140 2909 sibi
158 2864 292 2929 magnos
310 2842 456 2907 homines
472 2847 504 2907 et
522 2844 681 2926 sapientes
695 2843 804 2906 videri.
838 2841 900 2918 Qui
918 2865 960 2906 an
977 2843 1087 2928 magni

73 2933 300 3017 sapientesque
324 2931 397 3014 sint,
419 2933 537 3015 nesci0,
559 2931 705 2996 homines
728 2953 794 2996 non
817 2935 899 2995 sunt.
935 2929 1086 2996 Hominis
1105 2947 1122 2994 4

27 3051 57 3090 so
74 3026 126 3086 est
149 3021 235 3085 enim
259 3021 353 3084 adfici
378 3021 502 3105 dolore,
529 3022 659 3104 sentire,
682 3021 828 3085 resistere
851 3024 960 3084 tamen
983 3023 1015 3084 et
1038 3041 1087 3084 so-

71 3111 158 3176 lacia
181 3110 359 3193 admittere,
381 3131 448 3174 non
471 3110 597 3174 solaciis
619 3132 686 3174 non
709 3131 809 3196 egere.

142 3198 265 3263 Verum
298 3199 336 3263 de
367 3199 418 3263 his
450 3200 543 3282 plura
578 3199 723 3282 fortasse,
755 3219 851 3281 quam
889 3198 994 3281 debui,
1030 3199 1120 3262 seda

71 3289 236 3374 pauciora,
259 3309 355 3371 quam
383 3289 480 3352 volui.
521 3286 586 3356 Est
611 3289 696 3351 enim
724 3287 878 3370 quaedam
907 3287 1003 3351 etiam
1031 3287 1086 3350 do-

71 3377 162 3443 lendi
194 3378 353 3461 voluptas,
383 3377 571 3461 praesertim
604 3377 632 3440 si
662 3378 697 3440 in
727 3375 822 3439 amici
854 3377 926 3440 sinu
961 3375 1085 3458 defleas,

148 3558 182 3606 11
201 3551 303 3607 malive
322 3551 375 3606 del.
395 3570 422 3620 a,
436 3553 524 3619 KH,
542 3550 611 3604 mali
629 3549 785 3605 videbimus
801 3552 844 3618 Μ,
862 3567 895 3605 ve
913 3552 964 3606 dal.
981 3550 1048 3604 K.I.

873 3638 925 3694 14·
