2458 3940
332 171 586 227 PANEGYRIOUS
606 179 647 226 32.
659 190 671 228 a
682 207 714 214 -
726 179 768 228 35.
779 190 799 229 a.
1003 173 1067 237 327

53 336 234 401 Advertist'i
248 336 359 400 oculos
374 340 470 418 atque
488 341 526 400 ut
545 341 619 400 ante
638 338 751 402 castris
765 337 810 402 ita
826 342 940 420 postea
957 359 1068 422 paoem

53 427 126 490 foro
151 422 332 510 reddidisti,
355 425 501 489 excidisti
525 426 713 490 intestinum
736 425 857 490 malum
881 431 912 490 et
935 428 1069 510 provida

56 516 225 579 severitate
250 514 372 596 cavisti,
394 536 434 578 ne
456 513 591 578 fundata
613 515 739 600 legibus
763 516 875 579 civitas
900 522 1009 580 eversa
1026 518 1069 580 le-

56 605 151 690 gibus
179 603 348 667 videretur.
388 601 479 667 Licet
507 625 583 689 ergo
612 611 684 669 oum
711 604 933 668 fortunatum
956 599 1104 669 libera-3

25 694 129 760 elitas
158 697 215 756 tua
241 692 372 757 visenda
400 692 494 757 nobis
521 693 711 776 praebuerit,
740 696 777 756 ut
804 694 961 777 praebuit,
984 715 1070 757 nunc

54 783 199 867 irigeutia
221 783 338 846 robora
361 782 505 846 virorum
528 785 560 844 et
582 791 674 865 pares
698 782 831 866 animos,
855 803 940 846 nunc
958 784 1070 847 imma-

52 872 189 934 nitatem
202 871 351 954 ferarum,
364 892 451 936 nuuc
465 870 742 935 mansuetudinem
761 872 969 956 incognitam,
983 893 1070 936 nunc

53 963 192 1024 secretas
215 960 287 1024 illas
311 963 343 1023 et
366 981 496 1024 arcanas
519 979 557 1023 ac
580 961 640 1024 sub
664 964 696 1023 te
718 961 858 1043 primum
883 983 1070 1026 communes

54 1070 143 1132 opes,
165 1048 248 1112 nihil
270 1052 378 1112 tamen
401 1049 532 1134 gratius,
555 1049 637 1112 nihil
661 1050 787 1113 saeculo
812 1049 949 1134 dignius,
973 1072 1069 1133 quam

13 1165 39 1204 m
54 1136 145 1220 quod
167 1137 304 1222 contigit
328 1137 464 1221 desuper
482 1137 600 1201 intueri
619 1137 797 1202 delatorum
817 1139 931 1220 supina
950 1149 1010 1203 or'a
1023 1161 1070 1202 re-

53 1231 222 1309 tortasque
245 1227 391 1292 cervices.
429 1225 693 1312 Agnoscebamus
723 1229 754 1289 et
778 1227 972 1311 fruebamur,
996 1244 1106 1292 cumr

52 1317 146 1381 velut
168 1315 350 1399 piaculares
367 1316 516 1399 publicae
542 1315 768 1379 sollicitudinis
795 1316 945 1380 victimae
974 1338 1072 1400 supra

54 1405 246 1488 sauguinem
274 1405 444 1468 noxiorum
473 1404 513 1467 ad
540 1406 628 1468 lenta
656 1404 813 1488 supplicia
845 1407 1070 1490 gravioresque

53 1514 178 1578 poenas
211 1494 410 1557 ducerentur
451 1489 603 1576 dongasti
631 1498 706 1557 sunt
734 1495 767 1557 in
796 1495 925 1579 navigia
951 1496 1105 1578 raptime

13 1609 38 1650 ιε,
55 1581 239 1663 conquisita
267 1604 304 1645 ae
332 1583 577 1665 tempestatibus
610 1582 729 1667 dediti'3·
755 1583 897 1666 abirent,
921 1584 1071 1668 fugerent

53 1674 198 1736 vastatas
223 1670 436 1735 delationibus
455 1675 564 1754 terras,
583 1691 629 1755 ac,
649 1672 676 1736 si
696 1694 791 1754 quem
809 1672 926 1736 fluctus
945 1693 982 1736 ac
999 1689 1070 1756 pr'o-

55 1760 157 1824 cellae
181 1761 320 1843 soopulis
343 1764 565 1842 reservassent,
588 1760 642 1824 hic
663 1761 751 1824 nude·
774 1783 850 1824 saxa
874 1766 906 1825 et
929 1761 1071 1846 inhospi-

54 1848 122 1914 tale
145 1849 222 1912 litun
245 1850 408 1930 incoleret,
431 1853 541 1934 ageret
559 1849 671 1912 duram
695 1854 727 1913 et
750 1849 878 1913 anxiam
902 1851 1002 1915 vitam
1025 1872 1072 1914 re-

54 1939 198 2020 lictaque
221 1942 296 2021 post
318 1942 445 2023 tergum
468 1938 569 2002 totius
593 1940 719 2022 generis
743 1939 878 2002 humani
902 1939 1072 2003 securitate

11 2055 40 2094 so
55 2031 223 2091 maereret.
255 2025 466 2091 Memoranda
475 2027 582 2110 facies,
598 2026 776 2091 delatorum
792 2028 902 2091 classis
917 2026 1124 2111 permissa3b

56 2116 209 2181 omnibus
232 2117 336 2180 ventis
361 2120 533 2199 coactaque
561 2117 633 2180 vela
660 2117 906 2197 tempestatibus
933 2117 1072 2199 paudere

55 2209 222 2288 iratosque
244 2205 361 2269 fluctus
386 2206 484 2288 se'qui,
509 2209 728 2289 quoscumque
751 2204 786 2267 in
809 2206 959 2288 scopulos
983 2205 1072 2268 detu-

54 2298 180 2360 lissent.
217 2294 353 2358 iurabat
375 2298 579 2379 prospectare
603 2293 713 2358 statim
737 2315 755 2356 a
773 2297 871 2376 portu
890 2309 1007 2377 sparsa
1018 2317 1073 2358 na·

56 2385 147 2468 rigia
171 2388 203 2448 et
225 2383 310 2467 apud
333 2383 415 2448 illud
433 2385 538 2467 ipsum
562 2389 650 2446 mare
673 2402 767 2468 agere
785 2383 924 2466 principi
943 2384 1072 2468 gratias,

12 2501 41 2540 25
57 2474 116 2556 qui
141 2474 308 2536 clementia
332 2483 393 2538 sua'
412 2473 502 2537 salva⁴
522 2473 678 2535 ultionem
706 2472 879 2535 hominum-
902 2476 1073 2536 terrarum-

58 2578 123 2646 que
143 2561 190 2625 dis
209 2563 305 2626 marie
325 2561 586 2626 commendasset.
625 2559 787 2636 Quantum
807 2559 975 2624 diversitas
993 2564 1073 2624 tem·
1092 2577 1107 2622 a

56 2659 176 2735 porum
198 2655 315 2734 posset,
342 2655 416 2714 tum
435 2651 574 2714 maxime
599 2650 765 2734 cognitum
789 2653 846 2732 est,
874 2669 946 2714 cum
970 2649 1072 2713 isdem

58 2739 178 2823 quibus
211 2743 303 2804 antee
336 2739 481 2803 cautibus
514 2738 795 2802 innocentisslnrus
829 2739 964 2822 quisque
996 2743 1074 2801 tuuc

57 2829 308 2892 nocentissimus
331 2827 532 2911 adfigeretur,
551 2837 687 2911 cumque
711 2828 832 2891 insulas
854 2846 973 2910 omnes,
993 2849 1074 2910 quas

12 2943 43 2986 so
57 2915 159 2981 modo
178 2921 368 2998 senatorum,
386 2917 454 2979 iam·
470 2915 647 2980 delatorum
667 2917 762 2980 turba
781 2917 968 2999 compleret3
993 2936 1073 2998 quos

60 3004 193 3089 quidem
214 3025 280 3069 non
302 3006 337 3068 iu
359 3022 514 3088 praesens·
532 3009 668 3087 tantum,
697 3005 753 3068 sed
782 3006 816 3068 iu
839 3009 1003 3069 aeternum
1026 3026 1074 3067 re-

58 3094 207 3178 pressisti
233 3095 321 3158 mille
348 3101 524 3178 poenarum
552 3094 702 3179 indagine
729 3095 879 3158 inclusos.
916 3090 1109 3176 lllrepturna

59 3183 183 3248 alienas
205 3185 356 3266 pecunias
379 3188 465 3266 eunt,
487 3183 632 3266 perdant,
656 3204 734 3266 quas
758 3182 891 3267 habent3
915 3182 1074 3265 expellere

59 3272 232 3357 penatibus
265 3274 416 3357 gestiunt,
444 3273 510 3336 suis
542 3272 753 3362 exturbeutur
783 3293 888 3353 neque
914 3273 952 3334 ut
981 3275 1075 3336 antea

111 3383 462 3482 ‘rt'c‘ong‘esti-dedid
485 3419 535 3466 act
553 3417 617 3480 post
638 3412 726 3464 terras
750 3411 808 3463 coll.
832 3416 883 3464 cat
904 3411 956 3482 det
978 3412 1075 3464 Haase

59 3486 137 3539 mefac.
151 3482 221 3553 phil.
245 3483 307 3552 Vp.
317 3488 393 3553 7sqq.
466 3485 499 3536 27
518 3497 592 3536 nunc
611 3481 677 3535 KJ
689 3499 722 3535 ex
740 3497 789 3535 sao
808 3483 843 3535 A.
917 3481 950 3534 32
974 3481 1004 3533 in
1024 3480 1076 3533 illa

60 3572 143 3624 poen.
163 3556 364 3610 eewAKJ.
407 3569 410 3589 ··
