2480 3942
397 155 655 212 EPISTULARUM
673 160 786 211 63—67.
1032 157 1098 222 279

79 317 236 384 Avidium
259 319 433 406 Nigrinum
456 323 489 384 et
511 317 701 384 Armenium
720 319 902 386 Brocchum
924 317 1099 404 proconsu-

76 411 140 493 les,
163 409 241 473 item
264 409 304 474 ad
325 409 609 492 Lacedaemonios3
636 431 718 492 quae
741 409 812 475 ideo
843 411 905 475 tibi
927 432 993 474 non
1015 411 1098 495 misi,

78 498 161 582 quia
183 502 215 562 et
237 519 352 583 parum
375 499 543 563 emendata
566 501 599 562 et
623 499 778 582 quaedam
806 521 873 564 non
897 502 1001 564 certae
1023 499 1099 564 fidei

77 587 287 670 videbantur,
315 591 347 652 et
371 588 446 671 quia
473 608 549 652 vera
578 590 610 651 et
633 587 801 652 emendata
828 590 863 652 in
882 588 1008 654 scriniis
1031 589 1097 652 tuis

46 696 154 743 resse
176 675 352 742 credebam

447 799 725 884 cxvi.[uxx11.]
794 803 850 881 „s

427 905 599 954 TRAIANUS
624 905 753 954 PLINIO.

149 993 300 1071 Quaestio
324 996 397 1082 ista,
420 1017 501 1080 quae
523 996 664 1079 pertinet
688 997 728 1060 ad
750 1017 815 1080 eos,
839 997 895 1081 qui
916 997 1010 1062 liberi
1028 998 1096 1061 nati
1116 1014 1130 1061 1

76 1085 234 1171 expositi,
266 1084 378 1150 deinde
410 1083 531 1150 sublati
559 1107 577 1149 a
605 1085 797 1168 quibusdam
827 1089 860 1149 et
882 1086 917 1148 iu
940 1087 1095 1150 servitute

29 1202 59 1242 ιο
76 1173 208 1239 educati
240 1176 329 1258 sunt,
362 1196 457 1259 saepe
489 1177 628 1238 tractata
658 1177 721 1257 est,
752 1194 812 1238 nec
844 1175 1018 1259 quicquam
1049 1175 1096 1239 in-

75 1263 208 1326 venitur
237 1263 271 1326 in
301 1263 538 1328 commentariis
568 1283 680 1327 eorum
707 1264 903 1347 principum,
935 1264 992 1347 qui
1021 1266 1095 1327 ante

75 1373 131 1415 me
154 1351 294 1437 fuerunt,
315 1352 402 1436 quod
420 1352 460 1416 ad
479 1372 589 1416 omnes
608 1351 791 1436 provincias
811 1353 853 1415 sit
872 1353 1094 1416 constitutum.

74 1438 248 1523 Epistulae
272 1461 348 1505 sane
379 1442 454 1504 sunt
477 1438 656 1505 DomItiani
684 1439 723 1504 ad
743 1438 898 1505 Avidium
920 1439 1094 1527 Nigrinum
1114 1459 1129 1506 2

76 1532 112 1593 et
136 1527 324 1594 Armenium
346 1527 536 1614 Brocchum,
563 1551 644 1614 quae
666 1529 804 1594 fortasse
828 1530 965 1594 debeant
989 1530 1095 1594 obser-

30 1645 59 1686 1s
77 1618 163 1702 vari3
187 1619 243 1683 sed
264 1619 349 1682 inter
372 1640 426 1682 eas
449 1619 640 1702 prouincias,
664 1617 702 1682 de
726 1620 844 1703 quibus
862 1620 1095 1702 rescripsit...

76 1708 166 1771 inter
189 1728 268 1792 quas
287 1710 337 1772 est
355 1705 522 1793 Bithynia3
546 1711 578 1772 et
597 1708 668 1771 ideo
687 1728 747 1772 nec
765 1707 980 1773 adsertionem
1004 1709 1096 1772 dene-

75 1794 217 1881 gandam
240 1797 289 1880 iis,
308 1797 364 1880 qui
387 1818 426 1861 ex
449 1796 624 1860 eiusmodi
647 1817 743 1861 causa
766 1798 800 1861 in
821 1798 1005 1862 libertatem
1028 1799 1095 1862 vin-

76 1885 280 1968 dicabuntur,
302 1889 397 1969 puto,
418 1907 522 1971 neque
546 1885 650 1968 ipsam
672 1885 856 1951 libertatem
879 1887 1095 1952 redimendam

77 1975 185 2058 pretio
210 1974 443 2039 alimentorum.

28 2163 58 2201 ao
466 2137 587 2200 LXVII.
611 2133 705 2218 [XV]

276 2239 304 2287 C.
329 2239 468 2286 PLINIUS
493 2239 647 2287 TRAIANO
672 2239 897 2287 IMPERATORI.

144 2327 266 2415 Legato
287 2327 496 2394 Sauromatae
519 2330 614 2414 regis,
638 2350 710 2393 cum
731 2351 789 2394 sua
811 2328 927 2413 sponte
946 2328 1093 2416 Nicaeae,
1112 2347 1126 2395 1

74 2419 135 2482 ubi
153 2439 204 2482 me
223 2418 397 2502 invenerat,
421 2417 519 2482 biduo
539 2418 748 2503 substitisset,
770 2419 952 2504 longiorem
970 2440 1093 2483 moram

73 2508 265 2591 faciendam,
284 2503 420 2591 domine,
442 2527 508 2570 non
526 2507 648 2591 putavi,
671 2507 811 2590 primum
830 2507 915 2591 quod
934 2508 1093 2572 incertum

29 2625 58 2664 as
75 2595 183 2661 adhuc
206 2598 286 2680 erat,
319 2596 446 2680 quando
474 2596 610 2660 libertus
638 2599 714 2660 tuus
737 2596 910 2680 Lycormas
938 2601 1093 2662 venturus

75 2688 172 2768 esset,
195 2683 307 2749 deinde
331 2686 418 2769 quod
440 2686 510 2769 ipse
533 2685 760 2769 proficiscebar
783 2687 817 2749 in
840 2685 998 2750 diversam
1019 2706 1092 2770 pro-

73 2774 200 2838 vinciae
223 2777 349 2856 partem
376 2774 423 2839 ita
451 2773 549 2838 officii
577 2775 769 2838 necessitate
800 2775 956 2860 exigente.
1003 2771 1126 2841 Haeoa

74 2864 110 2927 in
133 2864 283 2927 notitiam
306 2866 396 2926 tuam
419 2861 607 2947 perferenda
630 2863 824 2947 existimavi,
848 2864 923 2946 quia
945 2863 1091 2946 proxime

75 2952 267 3036 scripseram
294 2952 415 3035 petisse
437 2950 642 3036 Lycormam,
673 2954 710 3016 ut
737 2952 945 3037 legationem,
969 2953 996 3015 si
1029 2973 1093 3036 qua

29 3069 58 3109 ao
75 3041 219 3106 venisset
234 3063 252 3105 a
266 3039 422 3124 Bosporo,
444 3061 546 3124 usque
561 3041 595 3104 in
609 3039 782 3105 adventum
804 3062 898 3104 suum
911 3041 1091 3105 retinerem.

75 3128 172 3206 Quod
194 3129 316 3193 diutius
338 3130 477 3194 faciendi
503 3131 592 3193 nulla
619 3130 700 3193 mihi
726 3130 903 3214 probabilis
929 3130 1012 3192 ratio
1041 3149 1092 3193 oc-

75 3219 191 3302 currit,
220 3219 410 3302 praesertim
439 3238 512 3282 cum
536 3219 693 3301 epistulae
715 3218 905 3304 Lycormae,
936 3239 1015 3302 quas
1041 3218 1092 3282 dc-

75 3308 194 3390 tinere,
225 3311 262 3370 ut
295 3311 369 3371 ante
398 3307 555 3391 praedixi,
577 3306 681 3390 nolui,
712 3307 835 3391 aliquot
865 3307 977 3371 diebus
1005 3306 1092 3372 hunc

74 3397 221 3481 legatum
245 3398 465 3460 antecessurae
488 3395 681 3460 viderentur.

149 3541 183 3589 15
205 3551 288 3590 rerer.
307 3535 461 3605 praeterita
480 3537 523 3590 est
541 3535 616 3590 Bith.
637 3537 773 3604 Memora,
791 3535 953 3592 intermissa
974 3538 1055 3596 Orell„
