2482 3942
350 132 608 187 EPISTULARUM
626 131 678 186 VH
695 137 808 186 ar-ao.
1020 133 1081 196 191

71 295 139 360 tius
157 295 298 360 vixisset.
321 294 407 361 Nam
426 297 461 360 in
480 296 597 362 scrinio
621 296 689 361 eius
713 296 806 360 datus
828 293 947 360 aOaro
971 295 1010 360 de
1032 316 1084 360 me

69 384 202 450 libellus
225 385 374 450 inventus
401 390 463 469 est3
492 408 532 450 ex
562 406 625 468 quo
658 384 830 450 oonieotari
857 387 977 468 potest,
1009 384 1084 466 quia
1129 461 1131 468 y

69 473 135 538 reis
163 473 263 537 moris
291 477 340 538 est
366 475 567 539 summittere
594 474 763 558 capillum,
793 473 912 539 recisos
939 495 1084 538 meorum

70 562 207 646 capillos
221 562 355 646 depulsi,
369 563 457 646 quod
470 563 668 646 imminebat,
682 563 816 646 periculi
831 561 958 647 signum
976 562 1084 628 fuisse.

40 685 54 724 5
139 649 278 715 Proinde
305 673 398 738 rogo,
422 652 635 717 eruditionem
662 655 751 716 tuam
777 652 932 716 intendas.
977 650 1136 737 Dignam

68 761 122 806 res
146 743 204 823 est,
227 761 323 822 quam
346 740 402 806 diu
423 741 844 830 multumqueroonsrs'deres,
867 763 908 804 ne
931 761 992 826 ego
1016 739 1084 822 qni

68 829 144 894 dem
167 828 329 915 indignus,
350 831 403 895 oui
426 831 552 914 copiam
576 830 728 910 scientiae
750 833 824 894 tuae
846 830 954 894 faoias.
995 828 1086 894 Lioet
1105 845 1138 894 16

68 918 169 981 etiam
189 921 358 1001 utramque
376 919 411 982 in
428 924 562 1008 partem,
574 913 622 982 ‘iit
640 920 733 1002 soles,
752 919 904 1003 disputes,
927 940 967 982 ex
984 919 1084 984 altera

67 1011 181 1070 tamen
202 1006 328 1091 fortius,
349 1029 390 1071 ne
412 1031 466 1082 me
483 1001 673 1092 suspensum
692 1008 913 1090 incertumque
932 1007 1084 1090 dimittas,

22 1129 52 1169 10
68 1116 146 1160 oum
160 1093 241 1159 mihi
256 1097 442 1162 consedendi
457 1118 552 1162 eausa
565 1096 672 1180 fuerit,
687 1099 725 1160 ut
739 1096 885 1160 dubitare
900 1095 1089 1164 desinerem

67 1181 356 1445 qap
386 1159 691 1368 aar
791 1175 1134 1275 omo

342 1431 349 1444 .
372 1397 511 1446 PLINIUS
536 1397 695 1446 SEPTIGIO
719 1397 785 1445 SUO
809 1396 835 1444 S.

137 1484 196 1551 Ais
211 1487 365 1570 quosdam
380 1488 465 1572 apud
477 1492 510 1552 te
523 1487 772 1572 reprehendisse,
786 1492 950 1571 tamquam
965 1486 1084 1551 amieos
1104 1504 1119 1553 1

24 1609 51 1649 15
67 1596 162 1640 meos
185 1598 225 1640 ex
248 1578 337 1640 omni
360 1579 526 1642 oooasione
549 1579 634 1641 ultra
657 1577 789 1641 modum
804 1575 944 1641 taudem.
975 1573 1119 1661 Agnos

67 1686 126 1729 seo
156 1665 294 1748 crimen,
325 1667 502 1750 amplector
529 1668 634 1730 etiam.
689 1664 774 1741 Quid
805 1666 890 1730 enim
917 1665 1084 1730 honestius

67 1754 166 1837 eulpa
188 1754 420 1840 benignitatis?
452 1754 514 1831 Qui
543 1759 619 1820 sunt
649 1760 758 1819 tamen
787 1755 859 1838 isti,
883 1755 938 1837 qui
963 1755 1084 1819 amieos
1127 1821 1132 1832 ,

66 1863 160 1906 meos
183 1863 232 1906 me
253 1844 368 1908 melius
391 1845 521 1908 norint?
544 1842 616 1928 Sed,
639 1847 676 1908 ut
698 1844 816 1927 norint,
840 1842 917 1926 quid
939 1843 1084 1907 invident

66 1931 153 1996 mihi
175 1931 361 1997 felicissimo
386 1933 512 1997 errore?
541 1931 588 1998 Ut
611 1933 696 1996 enim
720 1954 786 1996 non
809 1932 874 1996 sint
896 1933 986 2014 tales,
1009 1953 1085 2014 qua-

24 2053 52 2092 20
66 2022 117 2084 les
140 2043 160 2084 a
182 2043 235 2084 me
252 2021 489 2105 praedicantur,
520 2043 580 2107 ego
604 2025 713 2086 tamen
735 2022 862 2104 beatus,
894 2020 981 2103 quod
1003 2019 1084 2084 mihi

66 2109 229 2173 videntur.
274 2108 379 2196 Igitur
408 2111 449 2174 ad
475 2111 557 2175 alios
583 2110 668 2174 hane
697 2111 865 2175 sinistram.
883 2109 1120 2194 diligentiama

66 2197 250 2282 conferant3
282 2221 341 2264 neo
364 2203 440 2264 sunt
461 2222 576 2283 parum
599 2200 707 2283 multi,
734 2199 790 2282 qui
814 2219 941 2282 oarpera
964 2199 1084 2262 amieos

66 2308 147 2352 suos
164 2287 318 2352 iudicium
336 2292 466 2374 vocant3
488 2288 568 2352 mihi
586 2309 762 2372 numquam
780 2287 1026 2372 persuadebunt,
1049 2290 1085 2350 ut

66 2397 161 2441 meos
184 2377 284 2440 amari
306 2401 326 2440 a
348 2399 399 2442 me
421 2378 518 2442 nimis
541 2399 695 2461 umquam
718 2381 837 2461 putem.
883 2374 972 2439 Vale.

23 2569 51 2608 rs
337 2595 343 2606 .
526 2541 631 2601 XXIX.

317 2641 346 2690 Ο.
369 2641 508 2690 PLINIUS
532 2641 702 2690 MONTANO
727 2641 792 2690 SUO
816 2641 842 2688 S.

8 2809 9 2814 γ
139 2730 281 2815 Ridebis,
304 2731 418 2796 deinde
440 2729 671 2819 indignaberis,
700 2719 813 2795 deinde
835 2730 968 2812 ridebis,
991 2730 1019 2792 si
1040 2730 1084 2793 le·
1104 2747 1118 2794 1

8 2819 10 2900 ξ
69 2821 171 2906 geris,
202 2821 288 2904 quod
314 2821 379 2886 nisi
397 2823 527 2908 legeris,
553 2843 620 2886 non
646 2824 739 2905 potes
767 2819 901 2885 eredere.
945 2817 1006 2882 Est
1032 2818 1120 2883 viaa'

8 2937 13 2970 ι
69 2909 242 2974 Tiburtina
273 2911 358 2974 intra
388 2912 529 2994 primum
560 2910 700 2994 lapidem
731 2907 890 2994 (proxime
917 2904 1083 2993 adnotavi)

9 2999 55 3070 seo
71 2999 309 3063 monimentum
331 2997 488 3064 Pallantis
515 3000 561 3063 ita
583 2999 789 3082 inscriptum:
835 2995 932 3062 ‘Huio
955 3000 1083 3061 senatus

9 3107 20 3206 ἲ
69 3087 578 3242 tttttrtttttttttt
602 3089 973 3258 13111011111115
993 3106 1083 3238 aus

69 3265 194 3329 honore
218 3268 387 3330 contentus
409 3265 492 3330 fuit'
522 3266 682 3350 Equidem
704 3286 881 3347 numquam
901 3285 971 3328 sum
990 3263 1121 3326 mira-3

145 3444 178 3493 18
196 3455 241 3494 me
255 3441 320 3496 aad.
336 3442 496 3497 Mommsen.
570 3447 604 3494 24
622 3440 706 3494 nimis
720 3455 844 3508 unquam
858 3439 948 3508 Dps,
965 3437 1083 3492 nimium

72 3513 169 3566 autem
188 3512 231 3579 Μ,
249 3511 367 3566 nimium
386 3531 412 3581 a,
432 3515 469 3568 K.
