2480 3942
147 149 213 215 256
465 147 493 204 O.
513 148 611 202 PIINI
628 149 676 203 RT
694 147 846 202 TRAIANI

147 313 229 378 mihi
252 335 270 378 a
293 318 325 377 tc
344 334 391 397 ec,
411 333 475 396 quo
494 313 653 377 desideras
670 314 753 396 lucc,
772 334 967 396 quamquam
986 312 1055 376 eius
1075 313 1171 376 modi

147 402 307 467 honorum
329 403 544 486 parcissimus,
567 405 676 465 tamen
698 402 813 484 patior,
835 423 875 465 ne
898 401 1070 486 impedisse
1096 422 1173 466 cnr-

148 514 220 557 sum
244 513 320 577 erga
343 512 393 556 me
416 491 546 575 pietatis
569 495 643 555 tuae
666 491 783 555 videar.

346 730 374 778 O.
397 729 537 778 PLINIUS
561 729 714 777 TRAIANO
738 729 965 778 INPRRATORI
1199 737 1210 778 r

115 830 129 878 1
216 811 414 897 Exprimere,
438 811 575 894 domine,
597 810 704 875 verbis
721 831 788 874 non
805 832 948 896 possum,
972 814 1094 894 quanto
1115 833 1172 874 me

172 901 266 966 audio
290 901 464 964 adiecerint
487 901 642 984 epistulae
666 904 749 982 triae,
771 921 811 963 ex
835 901 951 983 quibus
975 899 1116 985 cognovi
1133 905 1171 964 te
1223 920 1224 942 ¹

149 924 351 1073 llarpocrati,
372 987 553 1072 iatraliptae
577 1010 659 1072 mec,
682 992 715 1052 et
728 987 979 1054 Alexandrinam
999 989 1171 1053 civitatem
1224 1048 1225 1054 ,

149 1077 313 1160 tribuisse,
342 1077 488 1161 quamvis
516 1078 690 1142 secundum
720 1077 958 1143 institutionem
980 1077 1171 1161 principum

149 1188 216 1230 non
237 1170 357 1231 temere
381 1189 450 1230 eam
475 1167 548 1231 dere
570 1167 801 1251 proposuisses.
846 1164 928 1231 Esse
951 1170 1059 1230 autem
1083 1165 1226 1233 Har-10³

114 1272 269 1340 apocran
286 1265 393 1340 νομοῦ
412 1258 593 1338 Μεμφίτου
615 1257 722 1321 indico
742 1256 811 1320 tibi.
844 1255 937 1342 Rogo
957 1276 1044 1341 ergO,
1061 1255 1172 1320 indul-

150 1345 337 1431 gentissime
360 1345 544 1429 imperator,
566 1349 603 1410 ut
625 1345 707 1409 mihi
730 1345 770 1408 ad
792 1344 983 1429 Pompeium
1005 1343 1172 1428 Plantam,

149 1435 347 1519 praefectum
375 1432 529 1520 Aegypti,
561 1434 701 1499 amicum
728 1438 838 1519 tuum,
868 1435 951 1500 sicut
977 1433 1172 1518 promisisti,

149 1524 320 1606 epistulam
335 1522 454 1588 mittas.
485 1520 622 1588 Obviam
635 1524 749 1608 iturus,
764 1545 827 1606 quo
842 1523 1009 1606 maturius,
1027 1523 1172 1606 domine,

150 1612 386 1695 exoptatissimi
416 1612 575 1678 adventus
600 1612 649 1676 tui
679 1612 795 1698 gaudio
825 1612 890 1676 frui
916 1612 1048 1696 possim,
1074 1633 1171 1697 roge,
1187 1639 1213 1679 rs

150 1701 318 1785 permittas
341 1701 422 1765 mihi
436 1720 543 1784 'quam
565 1701 753 1787 longissime
777 1722 942 1766 occurrere
965 1701 1035 1765 tibi.

581 1840 633 1899 XI.
657 1834 738 1919 [VI]

353 1939 381 1988 c.
404 1940 542 1988 PLINIUS
568 1941 721 1989 TRAIANO
744 1940 970 1989 INPRRATORI.

117 2037 131 2088 1
217 2018 369 2086 Proxima
392 2022 562 2086 infirmitas
586 2044 666 2107 mea,
689 2022 827 2106 domine,
852 2021 1009 2108 obligavit
1031 2043 1083 2085 me
1108 2020 1174 2086 Po-

152 2110 271 2176 stumio
285 2109 412 2174 Marino
426 2111 564 2195 medico;
588 2111 639 2176 cui
653 2133 762 2196 parem
781 2111 917 2196 gratiam
936 2110 1054 2175 referre
1072 2111 1174 2175 bene·
1189 2139 1215 2178 sc

151 2199 225 2263 ficio
256 2203 312 2262 tuo
342 2221 491 2282 possum,
521 2200 549 2264 si
578 2201 726 2282 precibus
756 2199 836 2263 meis
866 2221 905 2264 ex
936 2201 1173 2265 consuetudine

117 2307 133 2356 2
153 2289 307 2353 bonitatis
327 2292 400 2352 tuae
419 2288 597 2353 indulseris.
621 2288 714 2375 Rogo
734 2309 820 2373 ergO,
835 2291 870 2352 ut
888 2287 1078 2372 propinquis
1098 2289 1171 2352 eius

151 2377 207 2460 das
240 2377 417 2460 civitatem,
450 2375 630 2462 Chrysippo
658 2377 855 2442 Mithridatis
887 2377 1044 2460 uxorique
1067 2374 1172 2460 Chry-

86 2505 91 2514 ·
153 2466 247 2551 sippi,
271 2464 471 2531 Stratonicae
493 2466 645 2552 Epigoni,
667 2467 745 2531 item
768 2465 878 2530 liberis
902 2466 1043 2531 eiusdem
1068 2463 1173 2548 Chry-

154 2555 252 2639 sippi,
284 2555 434 2640 Epigono
467 2558 499 2618 et
530 2554 726 2640 Mithridati,
757 2556 804 2620 ita
834 2560 871 2620 ut
903 2555 968 2620 sint
999 2555 1034 2618 in
1065 2556 1171 2638 patris
1187 2583 1212 2623 ss

153 2648 322 2728 potestate,
341 2648 440 2727 utque
459 2644 498 2708 iis
517 2645 552 2709 in
564 2645 698 2710 libertos
718 2650 861 2710 servetur
879 2644 929 2708 ius
947 2647 1171 2727 patronorum.

153 2732 236 2797 Itcm
266 2755 364 2819 rogo,
395 2733 562 2818 indulgeas
596 2734 646 2798 ius
677 2733 850 2810 Quiritium
880 2732 915 2798 L.
944 2731 1049 2797 Satrio
1081 2731 1172 2798 Aba·

154 2826 264 2886 soanto
289 2826 321 2887 et
344 2821 378 2886 P.
403 2820 514 2887 (laesio
537 2821 728 2906 Phosphoro
752 2826 784 2886 et
806 2821 986 2887 Anchariae
1011 2820 1171 2908 Soteridi3

155 2912 242 2994 quod
264 2934 283 2975 a
305 2915 337 2974 te
360 2910 541 2975 volentibus
565 2911 708 2994 patronis
731 2915 816 2995 peto

567 3050 633 3108 XII.
657 3044 754 3130 [VII]
1185 3072 1211 3114 ro

330 3150 382 3198 'O
406 3150 544 3198 PLINIUS
569 3150 721 3198 TRAIANO
745 3150 971 3199 IMPERATORI.

121 3247 136 3294 1
224 3229 297 3295 Scio
304 3281 313 3314 ,
346 3231 487 3315 domine,
518 3233 690 3297 memoriae
717 3235 804 3315 tuae,
837 3235 990 3316 quaeest
1019 3232 1101 3296 bens
1123 3231 1172 3296 fa·

157 3317 260 3381 ciendi
283 3320 494 3404 tenacissima,
517 3343 626 3404 preces
650 3325 775 3386 nostras
798 3321 970 3385 inhaerere.
1017 3318 1101 3397 Quia
1124 3325 1171 3386 ta-

230 3461 262 3509 11
286 3458 428 3525 μεμφύτου
447 3477 478 3542 ᾳ,
501 3468 589 3583 copon
608 3464 788 3530 Μεμφιτικοῦ
808 3461 847 3515 Η.
862 3459 961 3530 Stept,
979 3459 1048 3514 KJ.
1136 3465 1171 3514 Ie

158 3524 278 3579 Ancher.
299 3529 426 3583 Momme.
445 3531 513 3597 aad,
555 3530 667 3585 anchar.
686 3533 758 3602 vulp.
