2482 3942
355 157 612 212 EPISTULARUM
629 157 694 212 Vm
712 162 807 212 9-12.
1020 156 1085 220 205

69 322 200 386 laetitia
223 321 432 386 sollicitudini
453 322 561 386 locum
584 342 651 385 non
671 321 840 404 relinquat.
885 319 1087 403 Quamquam

70 432 202 493 vereor,
228 433 269 475 ne
295 414 370 494 post
397 410 644 496 gratulationem
673 430 801 493 quoque
828 410 864 473 in
890 413 1017 474 metum¹
1041 430 1088 472 10

73 499 153 564 deas
179 502 276 584 atque
303 500 350 563 ita
376 499 514 585 gaudeas
541 499 683 582 periculo
709 499 893 582 liberatam,
919 501 957 562 ut
984 498 1093 580 simul,

74 589 166 672 quod
196 588 376 672 periclitata
410 589 461 671 sit,
491 587 723 672 perhorrescas.
772 585 841 652 Iam
872 585 993 670 hilaris,
1019 587 1124 652 *lama

44 677 155 760 asibi,
184 677 248 741 iam
276 676 359 741 'mihi
387 676 512 741 reddita
541 677 656 760 incipit
684 676 773 740 refici
802 676 1090 758 transmissumque

75 765 249 830 discrimen
263 766 512 832 convalescendo
526 766 642 830 metiri.
677 764 754 829 Fuit
771 765 893 848 alioqui
911 765 945 828 in
963 785 1089 830 summo

75 854 271 938 discrimine,
293 855 412 939 inpune
436 854 554 919 dixisse
577 853 686 937 liceat,
707 854 771 919 trit
793 855 882 918 nulla
907 875 964 919 sua
987 853 1091 937 culpa,

75 943 193 1008 aetatis
223 944 339 1026 aliqua.
381 941 459 1007 Inde
489 942 622 1007 abortus
652 946 684 1007 et
713 942 854 1028 ignorati
883 943 967 1008 uteri
998 943 1091 1007 triste

76 1033 342 1116 experimentum.
387 1030 537 1114 Proinde,
568 1032 629 1096 etsi
659 1052 726 1095 non
758 1031 894 1117 contigit
925 1032 987 1096 tibi
1009 1031 1125 1096 desi-3

32 1121 204 1188 roderium
226 1121 335 1186 fratris
359 1121 469 1186 amissi
488 1124 545 1185 aut
566 1121 682 1204 nepote
706 1121 773 1185 eius
792 1123 849 1184 aut
866 1124 962 1204 nepte
985 1121 1091 1203 solari,

77 1213 241 1274 memento
264 1213 374 1275 tamen
396 1209 531 1274 dilatum
558 1209 662 1295 magis
690 1209 777 1273 istud
805 1231 901 1292 quam
928 1211 1092 1295 negatum,

77 1319 153 1362 cum
182 1299 270 1363 salva
297 1299 354 1382 sit,
381 1321 420 1362 ex
448 1320 512 1381 qua
539 1297 659 1382 sperari
685 1301 800 1381 potest.
847 1295 951 1362 Simul
965 1318 1092 1362 'excusa

76 1387 164 1539 pyaffi
187 1390 243 1451 tuo
268 1408 386 1470 casum,
410 1387 461 1451 cui
483 1387 626 1470 paratior
650 1387 736 1470 apud
757 1387 894 1453 feminas
918 1387 1011 1451 venia
1034 1389 1091 1451 est.

143 1497 168 1540 e·
1095 1501 1097 1504 .

37 1607 62 1648 rs
554 1586 621 1645 XII.

316 1688 344 1735 C.
367 1686 506 1734 PLINIUS
531 1686 714 1734 MINIOIAMO
739 1687 805 1735 SUO
829 1687 855 1735 S.
992 1707 993 1712 ¹
1056 1728 1057 1731 ,

146 1775 243 1841 Hunc
266 1778 370 1842 solum
395 1777 478 1841 diem
498 1798 623 1842 excuso.
660 1775 864 1842 Recitaturus
887 1781 936 1862 est
954 1776 1093 1842 Titinius
1113 1793 1127 1841 1

81 1863 206 1950 Capito,
229 1879 327 1949 quem·
348 1887 408 1952 ego
431 1864 542 1929 audire
564 1865 671 1930 nescio
695 1867 799 1952 magis
823 1863 955 1931 debeam
978 1889 1020 1930 an
1041 1888 1094 1932 cu-

80 1955 178 2039 piam
223 1954 283 2018 Vir
306 1958 355 2019 est
378 1957 435 2038 opt
421 1955 519 2018 timus
542 1958 575 2018 et
598 1955 683 2018 inter
704 1955 877 2039 praecipua
900 1956 1019 2020 saeculi
1045 1977 1094 2019 or-

42 2070 67 2108 so
80 2047 233 2108 namenta
270 2044 499 2126 numerandus,
536 2043 614 2107 colit
650 2043 765 2126 studia,
801 2043 962 2108 studiosos
998 2048 1094 2128 amat,

81 2133 182 2215 fovet,
204 2131 362 2216 provehit,
339 2132 571 2214 tmultorum,
595 2133 651 2215 qui
674 2133 782 2216 aliqua
804 2136 1000 2234 conponunt,
1012 2153 1095 2216 por

81 2227 145 2304 tus,
169 2220 268 2304 sinus,
286 2220 461 2322 gremium,
488 2221 636 2284 omnium
660 2222 887 2305 exemplum,
878 2242 1019 2304 ipsarum
1043 2221 1094 2285 de

81 2312 181 2394 nique
203 2272 415 2374 litterarum
406 2331 470 2374 lam
498 2311 731 2374 senescentium
757 2310 907 2375 reductor
933 2326 970 2374 ae
997 2301 1095 2374 refor-

82 2403 196 2464 mator.
241 2398 384 2463 Domum
414 2419 504 2463 suam
531 2398 741 2463 recitantibus
768 2399 909 2482 praebet,
936 2398 1026 2462 audit
1012 2399 1129 2464 toriaa
1192 2397 1194 2400 ’

45 2513 68 2552 aa
82 2510 149 2552 non
173 2488 258 2571 apud
281 2491 458 2553 astantum
482 2487 680 2572 benignitate
697 2487 780 2551 mira
796 2488 992 2572 frequentat3
1014 2487 1095 2552 mihi

83 2581 179 2659 certe,
201 2577 229 2641 si
252 2576 347 2641 modo
371 2577 406 2639 in
427 2575 516 2659 urbe,
539 2576 641 2641 defuit
663 2597 848 2660 numquam.
883 2575 984 2641 Porro
1003 2580 1094 2641 tanto

82 2667 210 2749 turpius
238 2667 375 2751 gratiam
402 2686 469 2728 non
495 2665 622 2748 referre,
650 2668 771 2749 quanto
803 2665 969 2730 honestior
1000 2686 1096 2730 causa

81 2754 275 2819 referendae.
320 2751 382 2836 An,
405 2755 433 2818 si
454 2754 567 2818 litibus
590 2757 717 2837 tererer,
740 2755 930 2819 obstrictum
953 2775 1022 2819 esse
1044 2770 1131 2818 mea

85 2844 246 2908 crederem
279 2843 412 2907 obeunti
442 2842 627 2906 vadimonia
658 2864 742 2926 mea,
773 2864 873 2927 nunc,
910 2844 984 2926 quia
1015 2842 1096 2907 mihi

48 2954 182 2997 001110
205 2932 381 3018 negotium,
405 2932 509 2996 omnis
532 2932 567 2995 in
589 2931 703 2997 studiis
731 2953 815 3017 cura,
837 2931 944 2998 minus
970 2932 1097 3018 obligor

84 3025 176 3086 tanta
208 3021 378 3085 sedulitate
410 3020 592 3104 celebranti,
624 3021 658 3084 in
690 3042 754 3104 quo
787 3021 923 3107 obligari
955 3042 1024 3106 ego,
1056 3043 1097 3085 ne

86 3111 191 3175 dicam
211 3111 389 3193 sole,ca1te
406 3110 545 3174 maxime
564 3109 717 3193 possum?
750 3107 843 3186 Quod
861 3110 889 3174 si
907 3111 956 3174 illi
973 3111 1096 3174 nullam
1115 3127 1131 3174 4

84 3201 198 3282 ricem,
221 3200 310 3262 nulla
334 3200 425 3282 quasi
448 3201 561 3282 mutua
589 3198 695 3262 officia
723 3198 880 3282 deberem,
907 3199 1097 3266 sollicitarer

157 3391 457 3461 tprimumiamom.
478 3391 608 3458 M,.KI.
696 3393 861 3447 13010010.
880 3391 981 3457 M,K.
1063 3397 1095 3444 21

86 3464 357 3604 fflffirffigue'
314 3464 357 3528 M,
376 3463 414 3516 K
420 3465 445 3518 I.
535 3467 569 3515 22
593 3460 730 3570 gremium
752 3461 887 3531 Sebaefar,
907 3433 944 3517 K.
950 3464 992 3528 ΙΙ,
1015 3477 1096 3531 prae-
