2480 3942
145 131 209 196 288
460 129 488 185 0.
508 130 605 184 PLlNI
623 130 670 185 ΕΤ
690 83 842 186 TRAIANI

470 299 663 361 omme.
687 294 827 379 [xum]
920 262 1003 396 hs

340 399 369 448 ο.
392 400 532 449 PLINIUS
558 400 710 448 TRAIANO
734 400 960 449 rnrnnlrom.
1021 410 1027 417 ·

267 513 364 574 quarn
381 511 425 574 ee,
441 511 522 574 quae
537 493 653 574 speret,
666 492 863 555 instructum
881 489 1071 555 commilitio
1092 493 1166 576 tue,

141 581 232 644 cuius
261 580 447 662 disciplinae
475 578 582 663 debet,
613 581 699 664 quod
726 579 927 666 indulgentia
954 582 1010 643 tua
1040 579 1165 664 dignus

106 672 200 733 aest.
246 666 344 752 Apud
366 689 416 732 me
440 671 472 732 et
494 669 614 732 milites
642 673 674 733 et
696 669 828 753 pagani,
850 692 870 732 a
893 669 1009 753 quibus
1032 668 1165 733 iustitia
1189 691 1199 732 e

142 759 210 822 eius
240 759 273 820 et
301 758 485 822 humanitas
516 759 645 841 penitus
677 759 823 841 inspecta
853 761 917 840 est,
950 757 1098 822 certatim
1135 759 1166 822 ei

143 868 206 929 qua
238 847 392 930 privatim
424 869 487 930 qua
519 847 648 930 publice
684 846 871 911 testimonia
905 846 1164 930 partribuerunt.

141 933 235 1089 dbOd
266 936 301 1000 in
332 936 482 999 notitiam
513 939 604 999 tuam
635 936 761 1020 perfero
795 957 831 1000 ea
860 935 936 1019 fide,
969 956 1064 1021 quam
1098 936 1165 1000 tibi

164 1046 180 1087 e
204 1045 250 1088 eo.
770 1045 775 1054 ·

408 1185 410 1190 .
494 1135 669 1197 cxxxvn
694 1130 801 1216 [xix]
1176 1157 1198 1196 a

340 1236 367 1284 e.
392 1237 530 1285 Parmos
556 1236 708 1284 TRAIANO
732 1237 957 1285 rnrunsronl.

108 1345 121 1392 1
208 1325 443 1412 Nymphidium
466 1325 608 1410 Lupum,
642 1327 781 1410 domine,
813 1327 1046 1410 primipilarem
1074 1347 1163 1391 com-

141 1417 321 1480 militonem
345 1415 458 1500 habui,
487 1437 559 1480 cum
584 1417 653 1499 ipse
682 1417 833 1481 tribunus
856 1437 969 1499 essem,
992 1417 1046 1480 ille
1069 1437 1163 1500 prae

140 1506 253 1569 fectus.
294 1502 372 1568 Inde
394 1505 597 1569 familiariter
620 1505 753 1590 diligere
776 1505 877 1588 coepi.
918 1502 1026 1568 Crevit
1045 1508 1162 1587 postea

107 1595 257 1660 ecaritas
289 1595 362 1677 ipsa
393 1598 523 1658 mutuae
554 1596 716 1658 vetustate
749 1594 917 1658 amicitiae.
976 1591 1090 1677 Itaque
1127 1598 1160 1658 et
1175 1618 1198 1658 re

143 1683 245 1767 quieti
268 1683 336 1746 eius
360 1683 454 1746 inieci
477 1698 607 1746 manum
631 1685 663 1747 et
686 1682 791 1767 exegi,
813 1685 851 1746 ut
874 1703 925 1746 me
948 1683 982 1746 in
1004 1680 1160 1766 Bithynia

143 1771 279 1835 consilio
312 1772 494 1835 instrueret.
541 1769 634 1847 Quod
665 1771 719 1835 ille
752 1771 943 1836 amicissime
975 1775 1008 1836 et
1035 1772 1095 1835 otii
1127 1775 1160 1835 et

143 1860 317 1924 senectutis
345 1860 470 1924 ratione
498 1860 681 1944 postposita
707 1862 740 1924 et
762 1861 827 1924 iam
853 1861 930 1924 iecit
959 1860 1160 1924 obiecturus

107 1952 200 2014 aest.
247 1947 370 2025 Quibus
398 1971 437 2013 ex
465 1950 569 2013 causis
596 1949 845 2014 necessitudines
869 1949 937 2013 eius
964 1949 1050 2012 inter
1071 1969 1160 2014 meas

142 2059 286 2122 numero,
303 2038 408 2102 filium
422 2039 456 2102 in
470 2038 592 2122 primis,
606 2037 842 2121 Nymphidium
856 2036 994 2123 Lupum,
1011 2038 1160 2102 iuvenem
1173 2063 1199 2102 so

142 2127 296 2211 probum,
332 2127 528 2191 industrium
563 2131 597 2191 et
629 2128 758 2212 egregio
795 2129 888 2210 patre
924 2126 1160 2212 dignissimum,

144 2216 354 2280 suffecturum
383 2217 602 2300 indulgentiae
631 2220 719 2299 tuae,
752 2217 836 2280 sicut
863 2216 976 2299 primis
1007 2216 1076 2280 eius
1108 2237 1160 2280 ex-

143 2306 328 2388 perimentis
352 2325 544 2390 cognoscere
570 2307 678 2391 potes,
706 2325 779 2369 curn
805 2305 986 2388 praefectus
1015 2305 1160 2370 cohortis
1219 2359 1220 2368 ,

143 2395 367 2477 plenissimum
385 2395 607 2458 testimonium
625 2395 778 2458 meruerit
791 2390 855 2458 Iuli
868 2393 996 2458 Ferocis
1015 2395 1049 2458 et
1062 2392 1159 2458 Fusci

143 2481 347 2566 Salinatoris,
377 2484 629 2547 clarissimorum
660 2483 813 2546 virorum.
862 2482 971 2547 Meum
1004 2483 1158 2567 gaudium
1172 2507 1196 2547 rs

141 2593 310 2656 meamque
332 2572 583 2656 gratulationem
606 2572 666 2634 filii
688 2571 810 2636 honore
833 2571 857 2652 †
880 2571 1090 2636 continerent.

448 2736 638 2795 cxxxviii.
663 2730 850 2815 [cxxxix]
955 2753 1019 2806 us

341 2837 368 2885 0.
393 2836 531 2885 PLINIUS
556 2836 709 2884 TRAIANO
733 2836 959 2885 IMPERATORI.

158 2951 165 2958 ¹·
210 2926 310 3013 Opto,
339 2927 480 3012 domine,
508 2931 541 2991 et
563 2926 649 2991 hunc
671 2927 812 2991 natalem
839 2930 873 2992 et
895 2927 1053 3010 plurimos
1077 2927 1156 2992 alios

145 3040 243 3100 quarn
265 3017 469 3083 felicissimos
489 3037 565 3101 agas
585 3019 776 3100 aeternaque
794 3015 889 3081 laude
907 3015 1078 3080 florentem
1097 3017 1157 3080 vir-
1169 3040 1192 3079 eo

144 3107 225 3171 tutis
240 3110 315 3172 tuae
330 3107 465 3192 gloriam
480 3104 605 3190 [quam]
619 3105 790 3170 incolumis
809 3108 841 3169 et
855 3105 951 3169 fortis
971 3104 1042 3168 eliis
1062 3125 1158 3188 super

143 3195 207 3258 alie
230 3196 380 3278 operibus
404 3216 530 3281 augeas.

215 3389 248 3436 26
269 3385 416 3440 continebo
435 3386 483 3452 K„
501 3385 658 3441 continebis
679 3387 786 3451 Oatau„
805 3386 924 3441 honores
945 3385 1160 3456 complebunt?
