2482 3942
350 161 609 216 EPISTULARUM
624 162 663 216 Vl
681 167 793 216 32-33.
1013 161 1074 224 167

64 327 163 391 etiam
194 349 234 390 ex
266 327 429 409 superiore
460 326 610 390 basilicae
638 329 728 410 parte
757 348 820 409 qua
846 325 984 389 feminae
1013 346 1076 407 qua

63 416 125 479 viri
148 419 181 479 et
203 415 361 497 audiendi,
384 414 470 498 quod
493 415 632 497 difficile,
657 419 698 498 et,
721 415 808 498 quod
831 413 933 496 facile,
952 413 1076 478 visendi
1170 421 1176 449 ¹

63 504 171 568 studio
192 503 411 568 imminebant.
451 503 570 590 Magna
594 506 773 588 expectatio
799 508 935 588 patrum,
959 523 1076 588 magna
1104 467 1189 559 W

63 594 212 676 filiarum,
231 614 348 678 magna
371 593 468 657 etiam
487 614 703 658 novercarum.
742 591 877 658 Secutus
900 596 950 656 est
966 591 1074 656 varius
1112 607 1127 654 5

38 686 206 750 severitus.
252 680 337 746 Nam
360 681 486 746 duobus
510 683 652 747 consiliis
675 683 819 763 vicimus,
841 681 976 746 totidem
997 680 1074 744 victi

65 793 184 836 sumus.
228 768 390 836 Notabilis
422 793 553 855 prorsus
586 776 618 835 et
649 773 730 836 mira
763 771 872 835 eadem
904 771 938 834 in
971 790 1076 852 causa,

63 859 165 924 isdem
206 859 379 942 iudicibus,
420 860 520 924 isdem
558 860 732 938 advocatie,
776 861 887 925 eodem
930 863 1075 942 tempore

63 953 154 1012 tanta
186 949 353 1014 diversitas
384 949 509 1032 accidit,
540 971 624 1032 casu,
652 949 738 1032 quod
770 971 834 1014 non
867 969 958 1012 casus
990 948 1075 1012 vide-

63 1042 159 1102 retur.
205 1037 301 1103 Victa
333 1042 382 1102 est
410 1060 547 1103 noverca
575 1040 646 1121 ipsa
674 1038 766 1103 heres
790 1061 828 1102 ex
856 1041 946 1121 parte
977 1042 1075 1119 sexta,
1112 1051 1128 1098 o

24 1157 48 1196 ro
62 1127 168 1191 victus
201 1124 389 1209 Subertano,
423 1128 479 1209 qui
506 1127 715 1192 exheredatus
748 1149 766 1190 a
797 1131 887 1210 patre
920 1125 1076 1210 singulari

62 1215 252 1300 inpudentia
284 1216 380 1280 alieni
410 1217 511 1300 patris
543 1217 628 1281 bona
659 1215 842 1282 vindicabat
877 1235 943 1278 non
980 1234 1075 1277 ausus

62 1306 114 1368 sui
137 1309 253 1389 petere.
312 1359 314 1364 .

130 1392 220 1459 Haec
246 1393 307 1458 tibi
335 1395 478 1478 exposui,
505 1395 645 1478 primum
673 1398 710 1458 ut
738 1416 778 1458 ex
806 1393 943 1477 epistula
969 1391 1075 1475 scires,
1112 1407 1129 1454 7

63 1504 146 1566 quae
174 1505 214 1546 ex
242 1483 385 1547 oratione
412 1503 479 1548 non
505 1487 643 1567 poteras,
671 1482 784 1547 deinde
814 1479 904 1570 (nam
927 1481 1074 1565 detegam

24 1601 48 1640 11
61 1569 162 1658 artes)
196 1576 233 1636 ut
263 1572 441 1636 orationem
470 1572 623 1637 libentius
652 1572 783 1657 legeres,
814 1573 841 1636 si
872 1592 938 1635 non
968 1571 1075 1654 legere

62 1661 134 1743 tibi,
166 1661 222 1724 sed
255 1662 408 1724 interesse
439 1661 559 1725 iudicio
591 1660 757 1745 videreris3
791 1683 896 1744 quam,
929 1661 971 1723 sit
999 1660 1076 1722 licet

61 1770 190 1834 magna,
205 1770 272 1813 non
290 1748 423 1833 despero
442 1752 579 1836 gratiam
597 1750 804 1815 brevissimae
823 1751 1075 1833 impetraturam.

10 1875 11 1882 1
61 1837 147 1902 Nam
171 1842 203 1902 et
227 1839 319 1922 copia
340 1861 447 1902 rerum
470 1844 502 1904 et
525 1844 639 1924 arguta
663 1839 818 1903 divisione
841 1842 873 1902 et
896 1838 1074 1901 narratiun-
1111 1851 1127 1899 8

62 1927 144 1992 culis
167 1925 315 2010 pluribus
339 1931 372 1991 et
394 1928 564 2010 eloquendi
589 1929 742 1992 varietate
764 1930 945 1992 renovatur.
992 1923 1076 1989 Sunt

10 2023 48 2084 ’11
62 2017 166 2080 multa
190 2012 271 2103 (non
294 2014 441 2080 auderem
465 2017 528 2081 nisi
550 2017 610 2082 tibi
633 2015 752 2103 dicere)
776 2018 867 2098 elata,
891 2015 993 2078 multa
1017 2037 1074 2097 pu-

62 2105 186 2190 gnacia,
213 2106 316 2169 multa
344 2105 484 2169 subtilia.
534 2103 711 2170 Intervenit
738 2106 824 2169 enim
854 2105 980 2169 acribus
1009 2104 1074 2167 illis
1111 2119 1127 2167 a
1168 2167 1171 2174 ,

61 2197 95 2258 et
128 2195 243 2259 erectis
279 2195 429 2276 frequens
460 2195 632 2259 necessitas
669 2195 864 2278 conputandi
901 2214 938 2257 ac
973 2214 1074 2275 paene

60 2283 204 2348 calculos
233 2281 440 2366 tabulamque
470 2283 631 2366 poscendi,
663 2287 700 2347 ut
728 2287 858 2368 repente
891 2281 924 2345 in
957 2280 1075 2364 privati

59 2371 173 2436 iudicii
200 2371 337 2435 formam
365 2372 594 2437 centumvirale
623 2376 773 2436 vertatur.
819 2371 974 2436 Dedimus
1003 2370 1075 2433 vela
1095 2385 1127 2434 10

20 2489 44 2529 ss
60 2461 287 2546 indignationi,
315 2460 459 2525 dedimus
487 2461 560 2545 irae,
589 2462 733 2525 dedimus
761 2461 865 2525 dolori
893 2464 924 2524 et
952 2460 985 2522 in
1009 2480 1074 2522 am·

60 2551 208 2634 piissima
222 2570 318 2613 cauea
336 2550 427 2633 quasi
446 2572 563 2635 magno
582 2552 663 2614 mari
681 2550 827 2635 pluribus
842 2550 945 2613 ventis
964 2569 1074 2612 sumus
1108 2602 1112 2609 ,

59 2641 154 2706 vecti.
200 2636 240 2702 In
267 2661 392 2703 summa
420 2639 525 2704 solent
556 2639 685 2722 quidam
718 2661 757 2702 ex
790 2636 1073 2703 contubernalibus
1094 2652 1126 2699 11

59 2727 181 2793 nostris
209 2727 392 2792 existimare
418 2725 502 2794 hanc
530 2729 706 2793 orationem
735 2725 865 2814 (iterum
894 2723 1012 2812 dicam)
1038 2726 1075 2788 ut

59 2819 146 2882 inter
174 2837 260 2880 meas
288 2816 332 2892 ὡς
358 2811 442 2902 ὑπὲρ
470 2819 708 2901 Κτησιφῶντος
740 2838 821 2900 esse3
853 2838 895 2879 an
926 2836 1007 2897 vere,
1037 2818 1074 2878 tu

19 2906 215 2974 refacillima
243 2905 409 2987 iudicabis,
438 2900 493 2988 qui
526 2910 592 2994 tam
625 2906 810 2971 memoriter
838 2908 927 2969 tenes
955 2923 1074 2983 omnes,

60 2999 97 3059 ut
126 2994 270 3058 conferre
298 3016 371 3059 oum
398 2996 472 3077 hac,
501 2995 575 3059 dum
604 2995 687 3060 hanc
715 2996 816 3058 solam
839 2994 934 3078 legis,
961 2992 1074 3075 possis.

59 3083 151 3148 Vale.

59 3220 275 3230 .-—---—-

133 3301 149 3350 8
165 3295 241 3364 quod
255 3312 311 3362 non
321 3295 430 3362 Dpra,
447 3293 507 3348 Otto
517 3298 578 3359 303,
592 3311 649 3348 non
663 3294 739 3362 quod
751 3294 793 3358 M,
808 3293 846 3346 K.
895 3296 927 3345 10
943 3290 1072 3361 ‘[Attius]

61 3367 215 3422 Suberinus
234 3369 275 3420 cel
289 3367 384 3434 potius
403 3365 574 3420 Suburanus'
598 3368 723 3420 Momms.
743 3365 800 3418 iud.
812 3380 842 3432 p.
853 3367 913 3418 403.
