2480 3942
342 139 601 193 EPISTULARUM
618 139 657 193 IX
677 145 789 194 13-18.
1007 140 1073 205 233

527 308 606 366 XVI.

291 409 319 485 o.
342 409 481 457 samius
505 409 704 456 unummuo
729 409 795 457 suo
820 410 846 458 s.

125 496 293 562 Summam
315 502 348 563 te
371 500 571 582 voluptatem
598 499 778 583 percepisse
808 521 848 563 ex
876 499 939 565 isto
968 499 1108 584 cepio-1

54 587 187 652 sissimo
215 609 330 673 genere
343 588 494 652 'venandi
524 610 591 652 non
612 588 726 674 miror,
750 610 823 653 oum
846 587 1073 654 historicorum

27 698 148 740 amore
186 677 307 741 scribas
343 699 513 741 numerum
549 677 624 741 iniri
660 698 727 741 non
762 678 914 762 potuisse.
968 676 1073 751 Nobis

52 764 168 830 venari
189 787 250 830 nec
272 769 365 830 vacat
386 786 446 830 nec
467 766 557 849 libet,
579 789 645 830 non
668 771 774 850 vacat,
797 768 873 850 quia
895 767 1074 832 vindemiae

52 855 89 918 in
122 854 287 938 manibus,
326 876 392 919 non
422 855 517 938 libet,
557 855 632 938 quia
668 856 811 941 exiguae.
875 855 1106 921 Devehimusa

52 948 167 1008 tamen
189 965 247 1027 pro
270 965 355 1008 novo
379 948 486 1008 musto
504 965 606 1008 novos
624 945 800 1008 versiculos
818 945 943 1028 tibique
962 944 1072 1011 iucun-

53 1033 190 1097 dissime
207 1033 359 1118 exigenti,
376 1036 414 1096 ut
431 1033 572 1116 primum
591 1032 786 1098 videbuntur
804 1035 985 1118 defervisse,
1003 1035 1074 1098 mit·

14 1127 174 1187 solemus
220 1120 309 1186 Vale.
606 1122 609 1126 ’
847 1121 850 1125 ’

519 1233 615 1292 XVII.
650 1184 729 1252 t)

304 1333 332 1381 O.
356 1333 494 1381 PLINIUS
519 1333 689 1382 GENITORI
713 1334 778 1382 SUO
803 1334 829 1382 S.

124 1423 245 1508 Recepi
275 1424 399 1488 litteras
431 1426 518 1507 tuas,
555 1423 672 1506 quibus
705 1423 846 1508 quereris
878 1424 984 1489 taedio
1013 1425 1108 1488 tibir

54 1511 158 1577 fuisse
182 1513 327 1596 quamvis
350 1513 565 1592 lautissimam
594 1534 721 1598 cenam,
752 1515 828 1597 quia
851 1535 987 1596 scurrae,
1011 1514 1075 1578 cin-
1102 1521 1103 1526 ’

14 1627 39 1666 rs
56 1602 146 1686 aedi,
175 1584 337 1666 moritrses
367 1603 487 1665 mensis
518 1602 710 1666 inerrabant.
756 1601 815 1667 Vis
845 1607 882 1668 tu
911 1604 1109 1668 remitteres

58 1691 183 1775 aliquid
206 1712 246 1755 ex
268 1690 379 1777 rugis?
402 1689 561 1773 Equidem
584 1690 667 1755 nihil
689 1693 753 1756 tale
775 1691 897 1776 habeo,
918 1692 1074 1757 habentes

55 1785 167 1845 tamen
189 1780 267 1846 fero.
314 1777 379 1843 Cur
402 1801 478 1865 ergo
501 1802 567 1843 non
589 1779 721 1844 habeo?
767 1779 849 1858 Quia
871 1802 1074 1865 nequaquam

56 1891 109 1934 me
127 1873 165 1933 ut
183 1869 438 1952 inexspectatum
455 1868 648 1933 festivumve
668 1869 813 1954 delectat,
832 1871 862 1934 si
882 1871 959 1954 quid
978 1872 1075 1935 molle

56 1982 76 2022 a
100 1957 246 2042 cinaedo,
278 1959 425 2042 petulans
450 1980 468 2020 a
491 1978 608 2041 scurra,
633 1959 768 2023 stultum
792 1981 811 2023 a
833 1961 979 2024 morione
1001 1982 1074 2043 pro-

13 2074 41 2113 so
54 2049 168 2112 fertur.
199 2045 276 2111 Non
298 2047 464 2130 rationem,
487 2046 543 2110 sed
567 2047 769 2112 stomachum
792 2047 853 2112 tibi
876 2069 979 2112 narro.
1016 2047 1073 2112 Ae
1092 2064 1108 2112 3

56 2159 121 2220 que
145 2135 223 2200 adeo
243 2158 339 2220 quam
358 2136 479 2200 multos
498 2139 592 2219 putas
611 2157 689 2222 esse,
708 2157 788 2219 quos
807 2159 853 2220 ea,
877 2137 993 2221 quibus
1013 2158 1073 2222 ego

57 2229 91 2290 et
115 2229 152 2288 tu
175 2224 320 2308 capimur
342 2229 374 2290 et
393 2224 548 2308 ducimur,
571 2225 689 2308 partim
707 2229 745 2289 ut
762 2226 880 2310 inepta,
898 2226 1017 2309 partim
1035 2229 1073 2289 ut

56 2314 286 2379 molestissima
314 2313 490 2378 offendant!
537 2311 641 2390 Quam
668 2314 773 2398 multi,
796 2336 870 2380 oum
892 2316 994 2379 lector
1017 2318 1073 2378 aut

55 2403 187 2488 lyristes
201 2408 271 2467 ‘aut
302 2402 474 2467 comoedus
502 2401 651 2467 inductus
684 2406 745 2486 est,
781 2405 903 2468 calceos
936 2407 1073 2488 poscunt

14 2519 42 2558 25
56 2496 114 2557 aut
136 2513 202 2557 non
228 2492 352 2556 minore
384 2513 458 2555 cum
487 2491 593 2556 taedio
626 2491 794 2577 recubant,
826 2514 922 2576 quam
951 2495 987 2555 tu
1010 2493 1072 2555 ista

57 2579 119 2668 (sic
142 2582 228 2644 enim
250 2577 408 2667 appellas)
431 2581 579 2665 prodigia
601 2577 771 2664 perpessus
795 2582 841 2646 es!
874 2581 995 2645 Demus
1014 2597 1108 2666 1g14

56 2676 111 2735 tur
134 2671 246 2734 alienis
271 2669 540 2734 oblectationibus
563 2670 704 2754 veniam,
731 2675 768 2735 ut
794 2671 913 2735 nostris
937 2671 1074 2754 inpetre-

56 2781 138 2824 mus.
185 2757 275 2823 Vale.
1068 2763 1069 2766 ’

511 2869 621 2928 XVIII.

13 2981 42 3020 ao
327 2971 354 3018 c.
378 2970 517 3017 emulus
542 2969 669 3018 sannio
694 2970 759 3019 suo
784 2971 810 3020 s.

125 3058 195 3136 Qua
217 3060 409 3144 intentione,
437 3081 501 3142 quo
525 3059 646 3144 studio,
675 3082 738 3143 qua
761 3060 897 3145 denique
920 3061 1075 3125 memoria
1095 3077 1109 3125 1

55 3149 174 3236 legeris
197 3149 324 3215 libellos
347 3171 445 3232 meos,
469 3148 607 3232 epistula
629 3152 686 3212 tua
705 3150 854 3214 ostendit.
883 3147 957 3234 Ipse
974 3149 1076 3236 igitur

56 3239 190 3304 exhibes
213 3239 380 3324 negotium
404 3237 479 3321 tibi,
506 3239 563 3321 qui
586 3237 674 3302 elicis
702 3242 734 3302 et
756 3239 888 3323 invitas,
917 3241 954 3302 ut
978 3261 1074 3323 quam

54 3327 198 3412 plurime
221 3328 456 3392 communicare
474 3331 581 3391 tecum
599 3327 705 3390 velim.
733 3327 873 3412 Faciam,
890 3350 948 3412 per
965 3332 1073 3411 partes
1092 3343 1108 3391 2

16 3441 40 3481 ee
54 3422 167 3482 tamen
190 3420 221 3480 ot
241 3417 332 3501 quasi
350 3417 482 3501 digesta,
505 3437 545 3479 ne
564 3416 659 3479 istam
679 3416 783 3499 ipsam
802 3418 999 3500 memoriam,
1022 3417 1074 3480 oui

55 3506 178 3592 gratias
202 3527 280 3591 ego,
307 3505 500 3571 adsiduitate
523 3508 556 3568 et
579 3504 672 3588 copia
694 3506 822 3570 turbem
846 3511 1074 3589 oneratamque
