2482 3942
391 149 647 205 EPISTULARUM
665 149 730 204 VIII
748 157 772 205 t.
1016 149 1083 214 Ἰ201

72 315 167 380 nulla
189 337 223 379 re
244 315 294 378 fas
316 317 445 399 putaret
467 335 660 400 repugnare,
682 313 717 378 in
737 313 800 378 hac
823 334 951 397 quoque
973 336 1008 378 re
1031 314 1086 378 ob-

73 402 1087 576 1111111111111111111111
1106 423 1139 473 ²¹

74 581 198 648 centies
221 582 433 668 quinquagies
456 584 493 645 ut
515 581 652 646 nimium
674 585 884 664 recusantem,
907 603 980 646 cum
998 602 1088 665 prae·

43 671 162 737 storia
185 674 371 735 ornamenta
394 674 559 753 tammam
581 671 689 734 minus
707 671 889 755 recepisset,
912 671 1088 756 imaginare
1107 692 1140 741 12

74 759 244 825 Caesarem
263 759 370 825 liberti
388 759 536 844 precibus
555 760 607 824 vel
628 760 737 844 potius
760 760 896 843 imperio
915 769 1023 824 coram
1042 781 1088 823 se

74 853 156 914 netu
184 849 458 932 obtemperantem
486 845 637 934 (imperat
665 849 750 926 enim
779 848 914 913 libertus
943 852 1089 932 patrono,

75 959 174 1021 quem
197 938 232 1002 iu
255 941 367 1002 senatu
389 935 511 1024 rogat),
538 937 714 1024 imaginare
741 941 887 1002 senatum
910 958 1089 1021 usquequa·

77 1049 142 1110 que
172 1029 344 1091 testantem
376 1027 491 1091 merito
518 1027 718 1110 libenterque
750 1048 784 1091 se
814 1025 898 1092 hanc
930 1047 1089 1090 summam

29 1141 59 1181 ro
75 1117 163 1180 inter
192 1116 333 1199 reliquos
364 1115 502 1181 honores
525 1114 666 1180 Pallanti
693 1115 835 1199 coepisse
859 1116 1026 1180 decernere
1058 1118 1090 1178 et

75 1209 353 1289 perseveraturum
375 1205 488 1288 trisse,
515 1205 579 1269 nisi
602 1204 831 1288 obsequeretur
856 1204 1012 1288 principis
1034 1225 1089 1267 vo-

74 1293 205 1376 luntati,
228 1294 281 1358 cui
302 1315 369 1359 non
391 1297 474 1358 esset
495 1293 545 1358 fas
567 1295 603 1358 in
620 1294 687 1358 ulla
704 1315 739 1358 re
756 1314 942 1378 repugnare.
973 1291 1032 1374 lta,
1049 1313 1090 1355 ne

76 1383 260 1447 sestertium
293 1383 411 1448 centies
445 1382 656 1469 quinquagies
687 1381 795 1446 Pallas
823 1404 862 1446 ex
885 1381 1006 1446 aerario
1028 1381 1090 1445 fer-

76 1475 153 1553 ret,
168 1471 358 1536 verecundia
380 1472 496 1555 ipsius,
528 1471 682 1555 obsequio
710 1474 839 1536 senatus
868 1491 948 1554 opus
970 1469 1034 1534 fuit
1055 1470 1090 1533 in

33 1585 61 1625 11
76 1559 141 1624 hoc
163 1560 332 1644 praecipue
358 1583 425 1624 non
452 1560 649 1644 obsecuturi,
681 1560 709 1624 si
735 1560 770 1623 in
796 1559 864 1623 ulla
889 1563 1091 1643 reputasset

75 1649 127 1713 fas
151 1671 306 1714 essenon
331 1648 473 1732 obsequi.
499 1647 613 1714 Finem
631 1649 818 1712 existimas?
840 1648 936 1712 Mane
959 1649 1035 1712 dum
1059 1652 1091 1712 et
1110 1666 1142 1714 13

77 1739 201 1802 maiora
223 1738 344 1821 accipe:
368 1736 509 1822 ‘Utique
532 1759 605 1802 cum
625 1737 667 1801 sit
681 1737 760 1802 utile
773 1737 928 1821 principis
946 1737 1090 1823 benigni-

76 1831 178 1891 tatem
206 1827 479 1911 promptissimam
507 1827 548 1890 ad
578 1826 705 1890 laudem
733 1827 938 1910 praemiaque
969 1847 1090 1890 meren-

76 1917 161 1980 tium
185 1916 349 1980 inlustrari
371 1916 491 1999 ubique
515 1919 547 1980 et
567 1916 707 1980 maxime
729 1915 768 1978 iis
791 1915 881 1998 locis,
904 1914 1021 1998 quibus
1044 1915 1091 1978 in-

37 2005 174 2070 recitari
197 2005 237 2069 ad
260 2003 473 2069 imitationem
496 2004 672 2089 praepositi
694 2026 801 2068 rerum
820 2005 888 2068 eius
907 2025 1001 2068 curae
1019 2025 1092 2086 pos·

78 2097 165 2176 sent,
197 2097 229 2158 et
251 2092 407 2158 Pallantis
431 2093 664 2177 spectatissima
687 2092 765 2156 fides
789 2095 885 2176 atque
909 2092 1092 2156 innocentia

78 2183 227 2266 exemplo
251 2179 425 2266 provocare
447 2183 589 2247 studium
608 2186 675 2246 tam
692 2180 846 2245 honestae
867 2181 1091 2245 aemulationis

77 2274 203 2356 posset,
235 2293 284 2355 ea,
317 2292 398 2354 quae
426 2270 465 2334 X.
487 2270 559 2335 Kal.
581 2270 786 2353 Februarias,
819 2291 900 2353 quae
926 2269 1092 2353 proximae

77 2361 229 2443 fuissent,
256 2361 291 2424 in
313 2360 512 2444 amplissimo
536 2360 646 2424 ordine
676 2359 817 2444 optimus
844 2359 992 2443 princeps
1015 2357 1092 2423 raci-

37 2453 194 2532 natasset,
221 2452 413 2532 senatusque
437 2449 584 2514 consulta
608 2450 646 2513 de
668 2449 708 2512 iis
731 2447 826 2512 rebus
856 2448 941 2513 facta
963 2448 999 2511 in
1020 2469 1092 2510 aere

79 2538 310 2621 inciderentur,
331 2538 428 2622 idque
450 2560 503 2603 aes
526 2539 678 2625 figeretur
699 2537 741 2600 ad
763 2540 902 2600 statuam
924 2536 1091 2601 loricatam

80 2627 147 2691 diri
165 2625 261 2691 Iulii'.
297 2625 415 2692 Parum
434 2628 539 2692 risum
558 2630 722 2691 tantorum
741 2625 932 2690 dedecorum
952 2647 1022 2689 esse
1039 2647 1092 2690 cu·
1111 2639 1145 2687 14

79 2718 162 2780 n'am
190 2719 320 2798 testem,
351 2716 491 2781 delectus
515 2719 564 2781 est
591 2714 815 2781 celeberrimus
839 2716 939 2797 loeus,
970 2715 1091 2797 inquo

79 2804 216 2892 legenda
256 2805 496 2889 praesentibus,
541 2805 677 2890 legenda
715 2803 833 2868 futuris
873 2802 1092 2886 proderentur.

41 2923 67 2960 eo
79 2893 209 2958 Placuit
226 2915 298 2958 aere
317 2894 437 2979 signari
457 2915 567 2958 omnes
580 2892 719 2958 honores
736 2892 987 2957 fastidiosissimi
1005 2913 1093 2955 man-

82 2983 168 3067 cipii,
200 3003 344 3066 quosque
375 2983 574 3067 repudiasset
606 3003 763 3067 quosque,
795 2983 951 3065 quantum
975 2979 1014 3044 ad
1042 2979 1093 3044 de-

82 3073 241 3137 cernentis
264 3073 419 3156 pertinet,
449 3073 608 3158 gessisset.
653 3070 758 3136 Incisa
781 3073 813 3134 et
836 3071 996 3153 insculpta
1019 3072 1094 3133 sunt

81 3161 226 3246 publicis
248 3161 449 3244 aeternisque
476 3160 692 3225 monumentis
719 3159 880 3242 praetoria
908 3161 1094 3222 ornamenta

81 3250 239 3315 Pallantis
268 3251 314 3314 sio
342 3250 434 3334 qnasi
459 3249 588 3314 foedera
616 3249 761 3332 antiqua,
791 3249 837 3312 sic
865 3248 956 3331 quasi
988 3267 1094 3311 sacrae

45 3341 179 3430 releges.
225 3337 328 3403 Tanta
350 3339 518 3423 principis,
547 3343 637 3403 tanta
660 3340 802 3420 senatus,
825 3340 916 3402 tauta
938 3334 1093 3400 Pallantis
1113 3351 1146 3399 15

156 3536 189 3586 19
208 3531 243 3585 111
262 3550 289 3599 a,
309 3531 395 3598 KH,
413 3530 457 3584 his
477 3530 540 3598 Mr,
559 3532 627 3585 KJ.
700 3534 733 3582 32
753 3529 892 3598 insculpta
911 3547 937 3583 a.
