2482 3942
590 161 618 217 O.
637 161 735 216 PLINI

605 331 714 390 XXIII.

301 431 330 480 c.
352 431 492 480 1111111
517 431 654 480 sisino
678 429 883 479 Pnosoosso
908 429 973 478 suo
998 427 1024 477 s.

120 540 133 588 1
221 520 351 587 Gaudeo
375 521 505 605 quidem
528 525 657 586 111111
683 522 750 586 tam
772 521 904 603 fortem,
935 521 973 584 ut
958 500 1178 584 tMediolani

155 633 319 676 occurrere
350 609 461 675 Tironi
492 612 607 695 possis,
639 609 694 674 sed
726 613 763 674 ut
791 630 973 694 perseveres
1004 630 1073 674 esse
1104 613 1177 674 tam

154 701 262 782 fortis,
293 721 387 786 rogo,
419 722 459 765 ne
486 701 548 764 tibi
574 703 686 764 contra
707 699 865 763 rationem
895 697 1008 762 aetatis
1040 701 1176 762 tantum
1202 723 1212 763 ι

153 750 305 854 laboris
296 790 453 874 1niungas
499 787 624 865 Quin
615 810 714 852 rmmo
747 786 914 871 denuntio,
945 789 983 850 ut
1015 785 1111 851 illum
1142 791 1177 850 et

155 878 243 942 domi
266 882 298 942 et
320 880 404 942 intra
427 877 559 941 domum
573 882 670 961 atque
692 877 789 941 etiam
808 878 892 941 intra
911 875 1052 940 cubiculi
1069 876 1175 941 limen

119 971 310 1051 aexpeotes.
356 965 499 1049 Etenim,
522 988 595 1031 cum
619 989 638 1030 a
660 988 712 1031 me
734 970 771 1030 ut
793 965 893 1030 frater
915 963 1081 1051 diligatur,
1105 986 1175 1028 non

154 1056 249 1121 debet
271 1056 311 1119 ab
335 1077 382 1137 eo,
405 1076 501 1138 quem
524 1076 584 1141 ego
607 1056 748 1139 parentis
770 1056 843 1120 loco
867 1055 1015 1135 observo,
1043 1054 1175 1140 exigere

155 1145 306 1230 officium,
330 1143 416 1228 quod
438 1145 564 1227 parenti
587 1166 645 1209 suo
668 1144 851 1209 remisisset.
896 1142 985 1208 Vale.
1187 1169 1209 1208 ιι

608 1309 714 1367 XXIV.

417 1409 446 1458 c.
470 1410 609 1458 1111111
633 1408 768 1457 eumue
792 1409 857 1457 suo
882 1407 908 1456 s.

122 1521 135 1568 1
222 1499 386 1566 Ummidia
401 1498 599 1576 Quadratilla
613 1501 710 1584 paulo
724 1500 831 1563 minus
846 1499 1066 1584 octogensimo
1085 1501 1172 1562 aeta-

155 1589 197 1653 tis
229 1611 313 1654 anno
346 1589 481 1654 decessit
467 1594 613 1673 tusque
645 1589 686 1653 ad
717 1588 923 1652 novissimam
951 1587 1170 1652 valetudinem

155 1677 317 1741 viridist
284 1699 303 1739 a
303 1681 380 1759 tque
399 1679 495 1742 etiam
514 1680 599 1742 ultra
617 1678 828 1741 matronalem
846 1676 978 1740 modum
998 1679 1206 1760 compactos

121 1785 288 1848 aoorpore
312 1770 344 1830 11
365 1766 507 1831 robusto.
543 1766 688 1831 Decessit
711 1766 936 1830 honestissimo
959 1769 1169 1848 testamento,
1224 1801 1225 1888 ,

156 1854 286 1938 reliquit
317 1855 447 1920 heredes
485 1878 524 1920 ex
555 1857 646 1920 besse
678 1859 842 1957 nepotem,
879 1877 918 1918 ex
949 1855 1045 1918 tertia
1076 1857 1225 1938 parte
1224 1889 1225 1894 κ

156 1948 294 2027 neptem
339 1941 478 2028 Neptem
501 1967 614 2028 parum
637 1946 722 2028 novi,
745 1948 895 2044 nepotem
918 1942 1167 2008 familiarissime

158 2033 270 2134 diligo,
293 2032 476 2098 adulescent
462 2038 528 2098 tem
531 2035 746 2186 tsingularem
769 2053 829 2097 nec
851 2033 891 2096 iis
914 2036 1056 2114 tantum,
1087 2051 1167 2133 quos

122 2141 137 2188 3
158 2143 311 2207 sanguine
334 2123 505 2208 attingit,
497 2127 580 2187 mter
602 2123 800 2206 propinquos
824 2121 1005 2185 amandum.
1037 2119 1087 2184 Ao
1104 2121 1167 2204 pri-
1181 2145 1205 2184 so

156 2233 245 2274 mum
273 2213 464 2295 conspicuus
490 2212 595 2275 forma
622 2233 732 2275 omnes
761 2232 921 2274 sermones
952 2210 1166 2296 malignorum

157 2304 189 2362 et
211 2321 291 2383 puer
313 2301 376 2363 11
368 2301 491 2363 iuvenis
515 2300 616 2364 evasit
634 2301 718 2364 intra
737 2304 887 2382 quartum
906 2302 938 2362 11
956 2299 1166 2363 vicensimum

156 2410 276 2452 annum
298 2390 432 2452 maritus
456 2392 500 2470 et,
524 2389 552 2452 si
574 2388 652 2453 deus
675 2389 851 2470 adnuisset,
874 2390 930 2470 pat
931 2409 973 2451 er.
1018 2385 1141 2451 Vixit
1133 2410 1166 2450 1n

157 2476 366 2542 contubernio
390 2478 479 2542 aviae
502 2476 654 2542 delicatae
679 2478 876 2542 severissime
889 2477 927 2540 'et
944 2480 1054 2540 tamen
1077 2475 1165 2540 obse·

120 2566 374 2649 aquentissime.
438 2563 587 2630 Habebat
623 2567 679 2630 illa
719 2566 935 2649 pantomimos
974 2565 1166 2647 ferebatque
1179 2589 1202 2628 2⁵

157 2655 296 2738 effusius,
316 2677 412 2738 quam
425 2653 563 2739 principi
576 2655 714 2720 feminae
729 2655 920 2718 conveniret.
944 2651 1014 2717 Hos
1029 2651 1165 2729 Quadra·

157 2748 210 2808 tus
228 2765 295 2808 non
313 2745 347 2808 in
360 2745 496 2828 theatro,
518 2766 585 2808 non
599 2745 686 2808 domi
706 2743 884 2827 spectabat,
907 2762 966 2806 nec
988 2743 1044 2806 illa
1063 2743 1165 2828 exige·

122 2849 138 2897 5
157 2831 221 2897 bat.
253 2831 373 2897 Audivi
392 2833 504 2918 ipsam,
527 2853 600 2897 oum
618 2832 699 2897 mihi
718 2831 955 2896 commendaret
973 2832 1099 2915 nepotis
1116 2833 1163 2896 eui

157 2922 271 3004 studia,
295 2923 397 2987 solere
419 2944 452 2986 se
475 2924 512 2986 ut
534 2921 686 2986 feminam
714 2922 749 2986 in
771 2921 827 2984 illo
852 2921 919 2984 otio
943 2941 1037 2983 sexus
1061 2921 1164 2984 laxare

157 3011 299 3074 animum
322 3011 396 3075 lusu
419 3011 627 3093 calculorum,
654 3012 756 3075 solere
787 3014 929 3094 spectare
951 3010 1163 3092 pantomimos
1176 3033 1200 3073 eo

158 3120 246 3184 suos3
270 3099 334 3182 sed,
356 3121 429 3164 oum
451 3099 576 3164 factura
594 3103 677 3164 esset
696 3101 895 3183 alterutrum,
919 3119 1045 3182 semper
1063 3120 1096 3163 se
1112 3121 1163 3162 nc-

157 3188 227 3271 poti
242 3209 300 3251 suo
314 3187 520 3272 praecepisse,
539 3189 641 3253 abiret
660 3189 879 3272 studeretque;
902 3187 990 3271 quod
1008 3187 1089 3251 mihi
1102 3210 1164 3252 non
1223 3259 1224 3268 χ

157 3297 265 3340 amore
298 3278 365 3340 eius
398 3277 500 3362 magis
529 3277 632 3342 facere
661 3299 757 3360 quam
789 3277 966 3340 reverentia
993 3275 1163 3341 videbatur.
1223 3287 1224 3352 1

123 3382 138 3430 6
157 3362 334 3448 Miraberis,
353 3369 384 3429 11
403 3386 462 3451 ego
482 3366 615 3430 miratus
634 3387 713 3432 sum.
740 3364 901 3429 Proximis
920 3364 1163 3430 sacerdotalibus

230 3543 263 3591 26
283 3538 442 3593 conveniret
460 3540 569 3609 Dpro,
590 3540 726 3606 011114,
746 3541 876 3594 convenit
896 3542 938 3606 M,
959 3541 995 3594 K.
