2482 3942
364 132 620 186 EPISTULARUM
638 133 689 186 VH
707 139 785 188 4-6.
1017 134 1079 198 173

70 319 163 380 quem
187 297 278 360 missi
301 295 409 360 sunt‘P'
446 296 541 382 Eget.
566 295 629 361 ‘Ad
656 319 707 360 me
738 318 879 380 quoque3
902 296 1005 361 habeo
1029 297 1080 361 de-

69 391 191 450 cretum
214 385 419 470 provinciae!
454 385 578 450 Rursus
600 387 668 450 ille:
701 384 824 450 ‘Potest
847 385 907 449 tibi
936 387 1079 469 liquere?
1118 405 1133 452 1

68 473 118 538 Ad
141 473 204 538 hoc
227 496 301 560 ego:
334 473 385 539 ‘Si
404 474 464 540 tibi
484 497 523 540 ex
541 475 665 539 diverso
684 475 796 559 liquet,
814 478 921 557 potest
940 480 972 539 et
990 475 1081 559 mihi,

70 563 154 646 quod
178 567 226 627 est
244 563 368 646 melius,
390 563 413 646 †
432 585 526 628 causa
548 563 691 647 liquere.²
732 562 816 627 Tum
837 565 963 648 legatus
986 563 1080 648 Poly·
1118 582 1133 630 6

44 673 167 717 11111111
191 669 302 716 causas
324 652 463 717 abolitae
486 653 697 718 accusationis
721 653 870 736 exposuit
891 655 1080 736 postulavit

9 757 12 776 *
70 743 140 824 que',
170 763 212 806 ne
242 742 420 826 cognitioni
448 741 590 806 Caesaris
617 741 848 825 praeiudicium
875 743 974 806 fieret.
1019 743 1081 808 Re-

70 830 199 914 spondit
230 828 367 916 Magnus
399 832 579 916 iterumque
606 829 794 914 Polyaenus.
840 828 912 915 Ipse
944 853 1015 896 raro
1049 836 1081 896 et

58 919 207 982 ,breviter
230 919 440 983 interlocutus
463 921 601 984 multum
625 942 677 983 me
694 921 778 983 intra
800 919 963 984 silentium
982 923 1079 985 tenui.

68 1006 188 1091 Accepi
210 1009 300 1078 enim
324 1029 391 1072 non
413 1009 527 1072 minus
547 1009 708 1072 interdum
736 1009 911 1073 oratorium
939 1031 1007 1073 esse
1035 1014 1080 1073 ta·
1118 1027 1133 1075 7
1220 1028 1223 1035 ·

28 1121 54 1161 11
68 1118 138 1161 cere
171 1119 267 1180 quam
299 1097 402 1162 dicere
434 1102 530 1181 atque
562 1098 641 1161 adeo
668 1101 777 1180 repeto
805 1119 856 1162 me
889 1098 1080 1180 quibusdam

68 1186 182 1270 capitis
205 1187 267 1251 reis
290 1186 342 1250 vel
369 1187 471 1272 magis
500 1187 627 1253 silentio
658 1208 754 1270 quam
783 1186 927 1251 oratione
954 1208 1079 1252 accura-

67 1276 192 1340 tissima
214 1274 381 1358 profuisse.

133 1363 238 1428 Mater
260 1364 379 1428 amisso
402 1363 469 1428 filio
492 1361 688 1450 (quidecim
706 1363 866 1448 prohibet,
885 1385 1080 1447 quamquam
1117 1382 1132 1430 8

67 1452 130 1518 alia
152 1453 235 1518 ratio
260 1453 444 1517 scribendae
468 1453 623 1538 epistulae
644 1453 753 1535 fuerit„
774 1452 813 1517 de
837 1453 950 1518 studiis
974 1454 1080 1539 dispu-

31 1567 53 1606 1s
68 1538 172 1628 tarel)
194 1541 328 1605 libertos
352 1543 420 1606 eius
443 1541 634 1624 eosdemque
658 1541 827 1606 coheredes
842 1564 930 1611 ‚suos
952 1543 1025 1607 falsi
1048 1547 1081 1608 et

67 1631 214 1696 veneficii
236 1652 307 1694 reos
331 1631 488 1695 detulerat
510 1630 551 1695 cd
573 1632 750 1715 principem
769 1631 970 1715 iudicemque
992 1632 1080 1716 inpe-

67 1723 207 1784 traverat
230 1717 348 1783 Iulium
377 1717 573 1785 Servianum.
618 1719 831 1784 Defenderam
858 1742 929 1784 reos
956 1721 1080 1807 ingenti
1117 1739 1132 1786 9

9 1829 10 1832 ’
68 1809 199 1892 quidem
232 1812 339 1893 coetu3
372 1812 439 1872 erat
472 1809 556 1874 enim
589 1831 684 1874 causa
715 1811 892 1893 notissima,
916 1814 1080 1894 praeterea

9 1975 11 1982 y
67 1899 232 1980 utrimque
251 1898 380 1983 ingenia
399 1898 582 1963 clarissima.
606 1897 720 1964 Finem
739 1899 916 1985 cognitioni
935 1901 1079 1982 quaestio

31 1987 225 2070 eoinposuit3
258 2007 339 2068 quae
371 1987 545 2051 secundum
576 2009 647 2051 reos
680 1987 774 2052 dedit.
830 1986 954 2051 Postea
977 1992 1080 2053 mater
1100 2006 1132 2053 10

66 2076 147 2139 adiit
170 2076 356 2158 principem,
380 2075 560 2139 adfirmavit
583 2098 616 2140 se
638 2098 738 2140 novas
764 2077 970 2161 probationes
994 2078 1079 2142 inve-

66 2167 160 2228 nisse.
206 2162 416 2247 Praeceptum
445 2168 493 2228 est
521 2162 706 2248 Suburano,
732 2168 769 2228 ut
796 2170 923 2229 vacaret
954 2166 1079 2230 finitam

9 2263 10 2272 ’
67 2275 197 2318 causam
216 2254 412 2336 retractanti,
431 2254 458 2318 si
477 2254 555 2336 quid
573 2255 649 2318 novi
667 2254 812 2318 adferret.
845 2253 965 2318 Aderat
984 2257 1080 2319 matri
1100 2272 1131 2320 11

65 2341 170 2406 Iulius
192 2339 372 2420 Africanus,
395 2364 494 2427 nepos
517 2343 604 2407 illius
628 2344 771 2426 oratoris,
795 2365 859 2426 quo
878 2344 987 2408 audito
1005 2342 1080 2407 Pas-

30 2433 175 2496 1111111111
200 2427 329 2514 Crispus
353 2393 447 2494 dixit:
484 2431 586 2496 Bene
608 2432 798 2516 mehercule,
821 2433 915 2535 bene3
938 2433 993 2497 sed
1016 2454 1079 2516 quo

66 2524 135 2583 tam
159 2519 273 2583 bene?'
309 2518 414 2584 Huius
439 2542 559 2604 nepos,
571 2521 695 2585 iuvenis
722 2523 916 2608 ingemosus,
944 2523 999 2586 sed
1025 2543 1079 2605 pa-

66 2631 140 2674 rum
164 2607 306 2691 callidus,
332 2631 405 2674 cum
428 2611 530 2674 multa
553 2609 685 2675 dixisset
671 2612 978 2696 tadsignatumque
1001 2614 1080 2674 tem·

66 2719 128 2782 pus
147 2695 309 2781 inplesset
333 2697 482 2782 ‘''Rogo
473 2699 588 2782 mquit,
609 2696 797 2783 Suburane,
814 2701 916 2783 permi
918 2703 981 2763 ttas
999 2698 1080 2763 mihi

68 2809 169 2850 unum
193 2808 320 2850 versum
343 2787 487 2851 adicere?
532 2786 616 2852 Tum
640 2811 713 2874 ege,
739 2811 811 2854 cum
835 2810 945 2853 omnes
969 2810 1020 2851 me
1042 2792 1080 2852 ut
1099 2805 1131 2852 11

32 2901 55 2940 eo
69 2877 124 2940 diu
147 2896 374 2960 responsurum
397 2877 611 2960 intuerentur,
641 2875 916 2960 Respondissem'
939 2878 1079 2962 inquam,

69 2965 109 3028 si
122 2987 224 3028 unum
238 2964 331 3027 illum
347 2987 474 3028 versum
493 2963 663 3030 Africanus
683 2967 848 3031 adiecisse
835 2967 910 3049 tin,
931 2987 995 3049 quo
1013 2988 1080 3031 non

68 3053 183 3118 dubito
199 3053 307 3116 omnia
321 3075 405 3117 nova
417 3053 544 3118 fuisse'-
560 3054 636 3119 Non
654 3054 748 3120 facile
762 3078 813 3119 me
827 3059 937 3138 repeto
951 3059 1079 3119 tantum
1099 3072 1131 3120 13

68 3143 239 3207 adsensum
253 3142 378 3228 agendo
393 3147 599 3208 consecutum
609 3148 764 3226 quantum
779 3148 857 3208 tunc
870 3166 936 3207 non
945 3145 1078 3229 egendo

140 3305 157 3353 4
175 3304 194 3365 †
213 3300 286 3365 odd„
306 3299 381 3367 quod
400 3301 443 3352 est
460 3299 560 3353 melius
579 3299 686 3368 liquere
704 3317 737 3355 erc
757 3302 814 3356 Ma
828 3302 867 3367 K,
886 3319 911 3369 q.
937 3317 959 3354 e.
978 3301 1078 3355 melius

70 3386 155 3424 eausa
172 3369 295 3440 liqueret
313 3370 463 3440 (loquetur)
481 3371 592 3441 legatus
611 3372 713 3440 Dpsr.
804 3375 837 3424 29
861 3388 971 3425 versum
989 3373 1079 3442 Dpa,

72 3442 132 3496 ouo
148 3445 251 3510 303sq,
270 3441 385 3496 verbum
405 3445 442 3496 M
444 3459 494 3510 νς,
513 3443 550 3497 Κ.
624 3448 655 3496 31
676 3441 757 3496 illum
775 3459 884 3496 versum
898 3444 987 3512 Dpo,
1006 3443 1079 3496 illud

69 3512 183 3566 verbum
203 3515 291 3580 Mrs,
311 3515 348 3568 K.
