2458 3940
124 95 190 162 346
562 95 590 152 0.
609 95 709 152 PLINI

125 260 256 345 oblivio,
271 261 415 347 neglegit
428 260 594 344 carpitque
607 261 794 344 posteritas;
813 264 926 324 contra
938 263 1149 342 contemptor

125 348 312 414 ambitionis
340 354 373 415 et
399 350 544 414 infinitae
571 349 741 433 potcstatis
769 348 911 414 domitor
937 371 975 415 ac
999 348 1149 416 frenator
1223 393 1224 468 ,

75 481 78 496 ι
125 439 252 502 animus
275 440 346 521 ipsa
368 443 528 504 vetustate
551 438 693 504 florescit
714 460 774 504 nec
792 437 832 502 ab
852 438 930 502 ullis
948 439 1052 523 magis
1076 437 1149 504 lau-
1223 479 1224 495 ι

128 526 230 606 datur,
254 549 350 610 quam
374 528 493 611 quibus
517 528 650 592 minime
672 549 801 592 necesse
819 530 876 592 est
909 525 1089 610 Praeterea,
1108 531 1149 592 ut

127 617 262 698 quisque
284 617 388 682 factus
407 621 456 682 est
473 617 632 700 princeps,
656 617 819 700 extemplo
838 615 924 680 fama
943 617 1020 700 eius,
1042 617 1149 682 incer-
1177 645 1188 683 ι

74 724 108 773 10
125 707 195 770 tum
224 705 309 770 bona
336 727 378 772 an
404 705 498 788 mala,
529 709 670 771 ceterum
701 710 829 770 aeterna
858 708 916 772 est.
960 703 1036 770 Non
1067 727 1149 791 ergo

127 797 282 877 perpetua
304 795 444 879 principi
465 795 561 878 fama,
584 815 666 878 quae
689 794 828 860 invitum
847 797 965 880 manet,
983 794 1041 860 sed
1060 793 1150 859 bona

128 883 383 967 concupiscenda
405 888 468 967 est,
492 906 529 948 sa
546 905 643 968 porro
667 905 734 951 non
751 883 948 968 imaginibus
968 887 1000 948 et
1018 885 1150 966 statuis,
1223 911 1224 914 ¹

73 992 107 1040 11
128 971 184 1036 sed
206 973 326 1038 virtute
348 995 386 1039 ec
409 974 532 1040 meritis
554 977 757 1059 prorogatur.
793 971 879 1050 Quin
902 973 1000 1038 etiem
1022 971 1151 1038 leviora
1223 1034 1224 1060 ,

126 1060 214 1144 haec,
237 1061 375 1128 formam
398 1063 552 1146 principis
573 1061 784 1146 figuramque,
806 1085 873 1128 nou
890 1084 1004 1128 aurum
1028 1063 1150 1128 melius
1164 1089 1189 1128 ιι
1223 1063 1224 1144 l

126 1150 179 1215 uel
193 1155 362 1238 argentum
377 1173 473 1233 quam
492 1152 584 1215 fauor
601 1151 771 1216 hominum
789 1151 950 1234 exprimat
964 1153 1149 1234 teneatque.

128 1237 221 1314 Quod
244 1239 373 1323 quidem
396 1241 521 1323 prolixe
539 1240 601 1306 tibi
620 1241 846 1324 cumulateque
865 1241 1034 1326 contingit,
1053 1241 1150 1306 cuius

126 1329 304 1394 laetissima
326 1329 424 1396 facies
447 1333 480 1395 et
502 1329 650 1394 amabilis
673 1329 783 1394 vultus
802 1330 837 1392 in
860 1329 1006 1394 omnium
1024 1329 1150 1394 civium
1223 1355 1224 1424 l

128 1438 192 1503 ore,
216 1419 327 1502 oculis,
350 1419 457 1484 animo
482 1418 579 1482 sedet.
1223 1429 1224 1488 ξ

73 1506 121 1574 56
193 1505 373 1573 Adnotasse
396 1527 454 1572 vos
477 1507 581 1590 crede,
603 1510 711 1591 patres
732 1507 915 1589 conscripti,
937 1507 1003 1570 iam
1022 1505 1149 1572 dudum
1164 1534 1189 1576 ιι
1223 1503 1224 1508 ¹

128 1620 180 1664 me
207 1618 273 1660 non
301 1597 427 1682 eligere,
454 1617 536 1678 quae
558 1596 703 1662 referam.
746 1595 953 1679 Propositum
981 1598 1030 1660 est
1058 1596 1148 1660 enim

128 1686 209 1752 mihi
232 1686 409 1769 principem
427 1685 567 1768 laudaro,
584 1707 651 1750 non
668 1683 823 1769 principis
841 1684 935 1750 facta.
972 1681 1059 1748 Nem
1076 1685 1149 1748 lau·

129 1774 248 1838 debilia
270 1775 372 1838 multa
391 1774 488 1839 etiam
507 1775 584 1840 mali
602 1774 735 1856 faciunt,
752 1775 821 1857 ipse
838 1773 963 1840 laudari
980 1774 1044 1838 nisi
1063 1775 1148 1858 opti-

128 1884 201 1928 mus
223 1884 290 1928 non
312 1866 427 1946 potest.
465 1862 570 1940 Quare
592 1885 659 1928 non
682 1859 745 1928 alia
768 1863 879 1946 maior,
897 1861 1073 1946 imperator
1090 1885 1148 1926 au·

129 1957 232 2040 gusto,
263 1953 366 2038 gloria
395 1956 460 2036 tue,
490 1974 587 2035 quam
617 1951 704 2036 quod
733 1951 903 2037 egentibus
933 1951 996 2016 tibi
1024 1951 1147 2036 gratias
1164 1981 1194 2020 ao

92 2059 109 2107 2
129 2041 211 2108 nihil
229 2042 400 2107 velandum
419 2045 476 2124 est,
494 2041 577 2106 nihil
596 2041 818 2106 omittendum.
850 2039 978 2124 Ecquid
995 2044 1045 2104 est
1058 2042 1150 2106 enim

96 2129 1025 2304 ⁵utiluticiisstitututrtttut
1043 2133 1150 2301 tt

134 2268 141 2277 ,,
1025 2268 1034 2302 ‚

130 2309 230 2374 immo
254 2310 408 2392 temporis
430 2312 588 2392 punctum
610 2312 667 2372 aut
694 2307 850 2373 beneficio
879 2309 987 2372 sterile
1012 2306 1068 2372 cut
1092 2331 1148 2374 va—

131 2421 227 2464 cuum
249 2398 365 2464 laude?
402 2396 478 2462 Non
501 2398 610 2462 omnia
635 2399 704 2462 eius
727 2396 825 2478 modi,
847 2399 885 2460 ut
911 2397 939 2462 is
968 2398 1089 2480 optime
1113 2402 1147 2463 te
1164 2425 1190 2466 ιι

129 2487 276 2553 laudasse
299 2487 453 2570 videatur,
477 2487 532 2571 qui
557 2486 734 2550 narraverit
760 2484 967 2550 fidelissime?
1004 2484 1073 2562 Quo
1099 2487 1148 2569 fit,

130 2581 168 2642 ut
190 2598 290 2660 prope
313 2577 347 2640 in
369 2578 562 2642 immensum
581 2575 779 2640 diffundatur
802 2575 904 2639 oratio
923 2596 1004 2659 moa,
1021 2578 1055 2640 et
1071 2596 1147 2640 neo-

95 2681 112 2734 8
132 2667 209 2730 dum
233 2665 271 2730 de
295 2665 425 2730 biennio
447 2666 571 2747 loquor.
605 2662 708 2740 Quam
731 2663 834 2730 multa
856 2663 924 2728 dixi
945 2664 984 2728 de
1002 2663 1149 2730 modera-

131 2756 229 2838 tione,
257 2758 289 2818 et
317 2759 438 2838 quanto
464 2755 557 2838 plura
585 2753 690 2819 adhuc
716 2755 851 2818 restant!
879 2756 917 2817 ut
943 2754 1033 2836 illud,
1058 2755 1150 2837 quod

132 2843 306 2910 secundum
331 2844 532 2910 consulatum
555 2843 713 2926 recepisti,
734 2843 809 2925 quia
831 2843 980 2926 princeps
998 2845 1031 2906 et
1053 2847 1151 2926 pater
1165 2872 1192 2912 ιι

131 2932 301 2997 deferebat.
334 2931 387 3015 At,
405 2936 576 3016 postquam
592 2932 632 2996 ad
650 2936 682 2996 tc
696 2932 824 3015 imperii
843 2953 1001 2996 summam
1020 2935 1150 2998 etcum

131 3023 276 3088 omnium
299 3044 406 3086 rerum
429 3025 499 3086 tum
523 3020 620 3086 etiam
643 3022 693 3086 tui
712 3025 906 3104 potestatem
925 3020 958 3085 di
975 3022 1151 3086 transtule-

131 3114 217 3194 runt,
238 3110 370 3176 tertium
394 3111 596 3178 consulatum
615 3110 778 3193 recusasti,
799 3131 872 3175 cum
891 3131 986 3195 agere
1003 3113 1069 3174 tam
1091 3110 1152 3176 bc·

204 3271 219 3319 2
247 3284 280 3321 ac
302 3267 335 3320 fr.
359 3284 439 3321 cauo
458 3268 486 3321 B
505 3265 574 3334 KJ,
593 3285 606 3321 e
624 3267 683 3322 acis
701 3267 777 3323 codd.
793 3275 904 3335 praeter
926 3267 965 3322 W
980 3267 1094 3333 Baulis„
1120 3271 1153 3324 et

133 3337 211 3394 Kato
228 3339 303 3392 codd.
317 3345 428 3406 praeto
441 3340 477 3405 B,
492 3340 586 3405 K.II;
604 3340 652 3394 Ad
661 3343 798 3407 prate.
872 3343 942 3392 4-6
961 3337 1152 3394 Praeterea—

134 3408 249 3462 aeterna
267 3410 310 3461 est
323 3410 359 3474 A,
380 3409 502 3478 Cuspio,
516 3411 581 3465 K.I
591 3417 672 3478 tcmq.
687 3411 798 3476 insitio,
812 3427 863 3466 om.
877 3409 934 3465 rell.
952 3410 1039 3476 codd,
1058 3411 1154 3480 KII,

135 3477 235 3530 Baelo.
273 3483 305 3531 21
317 3479 510 3533 omittendum.
517 3480 626 3548 Ecquid
631 3482 735 3547 Livio,
744 3483 855 3548 Boebr,
865 3497 918 3536 om.
927 3485 978 3536 est.
989 3479 1064 3546 Quid
1073 3485 1154 3556 cuiq.
