2480 3942
367 165 625 221 EPISTULARUM
643 171 756 220 ar-ro.
1002 165 1068 233 267

41 334 258 414 sumptuosae
282 331 391 395 vident
377 335 438 394 t.ur
470 329 556 395 Huic
574 331 664 395 tthea
650 335 700 395 tro
720 353 760 394 ex
777 333 978 414 privatorum
996 333 1066 415 pol·
1085 347 1100 398 ³

39 419 280 484 licitationibus
303 422 386 484 mult
372 424 406 484 ta
424 420 541 485 debent
529 424 581 484 tur
599 424 636 483 ut
654 420 850 484 basilicae
813 441 961 522 'caruca
939 426 975 485 ut
993 443 1066 504 por-

40 511 131 573 ticus
169 530 265 591 supra
302 529 439 573 caveam.
486 508 573 586 Quae
610 530 696 572 nunc
732 511 840 574 omnia
877 509 1068 574 diffeumtur

41 602 193 662 cessante
216 620 263 682 ec,
287 598 373 681 quod
397 603 470 662 ante
493 598 712 684 peragendum
735 603 791 663 est.
770 597 929 663 tIidem
953 598 1067 664 Nicae·
1084 615 1101 663 4

14 709 141 751 censes
178 688 383 772 gymnasium
419 688 566 752 incendio
600 687 754 751 amissum
787 692 860 752 ante
828 689 1009 752 tadvent
995 693 1067 752 tum

42 799 156 840 meum
175 777 342 841 restituere
362 780 535 860 coeperunt
553 777 650 862 longe
667 777 870 841 numerosius
888 778 1066 860 laxiusque,

42 888 145 948 quam
163 865 276 948 fuerat,
295 870 328 930 et
346 866 409 930 iam
429 866 629 948 aliquantum
649 870 869 951 erogaverunt,
887 866 1066 949 periculum

42 958 106 1039 est,
128 975 169 1018 ne
191 976 306 1037 parum
331 955 468 1039 utiliter3
491 955 743 1038 incompositum
763 956 848 1018 enirn
868 959 900 1018 et
919 977 1066 1038 sparsum

42 1047 104 1107 est.
150 1043 319 1108 Praeterea
348 1044 540 1109 architectus
572 1066 647 1108 sane
670 1045 815 1108 aemulus
843 1044 927 1126 eius,
959 1064 1065 1127 aquo

11 1155 29 1195 io
44 1154 131 1214 opus
172 1133 359 1197 inchoatum
401 1137 464 1216 est,
502 1133 649 1197 adfirmat
690 1133 828 1216 parietes
870 1154 1065 1215 quamquam

44 1222 165 1306 viginti
195 1225 227 1285 et
250 1221 330 1286 duos
360 1223 457 1306 pedes
486 1223 570 1286 latos
598 1223 751 1306 imposita
781 1243 877 1284 onera
908 1223 1065 1286 sustinere

41 1332 114 1374 non
136 1331 241 1394 posse,
264 1312 339 1394 quia
362 1313 427 1376 sint
450 1316 614 1376 caemento
639 1311 736 1375 medii
753 1310 829 1374 farti
847 1330 906 1374 uec
923 1314 1064 1374 testaceo

43 1421 144 1482 opere
166 1401 349 1482 praecincti.
395 1398 666 1484 Claudiopolitani
694 1421 822 1483 quoque
849 1401 884 1462 ιιι
914 1399 1099 1481 depressos

42 1490 134 1571 loco,
166 1489 355 1553 imminente
377 1489 474 1554 etiam
498 1495 607 1554 monte
645 1491 758 1575 ingens
786 1488 949 1552 balineum
978 1488 1065 1552 defo-

11 1601 28 1641 a
44 1578 140 1641 diunt
162 1579 265 1663 magis
289 1601 386 1662 quam
406 1578 583 1665 aedificant,
606 1583 638 1655 et
657 1579 787 1662 quidem
806 1600 845 1641 ex
865 1600 901 1641 ea
919 1577 1065 1662 pecunia,

44 1689 145 1750 quam
169 1667 318 1733 buleutae
342 1668 442 1732 additi
464 1668 619 1732 beneficio
643 1672 700 1732 tuo
721 1671 776 1732 aut
794 1668 860 1731 iam
879 1667 1065 1731 obtulerunt

44 1756 89 1819 ob
113 1755 282 1820 introitum
305 1760 361 1821 aut
390 1757 483 1821 nobis
512 1757 714 1842 exigentibus
743 1755 919 1820 conferunt.
965 1754 1099 1841 Ergo,o

44 1866 121 1909 cum
144 1845 290 1929 timeam,
320 1868 361 1911 ne
384 1847 451 1910 illic
473 1847 603 1929 pubhca
625 1847 775 1929 pecunia,
806 1845 873 1928 hic,
906 1845 993 1929 quod
1015 1848 1065 1908 est

45 1934 136 1997 omni
158 1935 295 2016 pecunia
317 1936 499 2019 pretiosius,
521 1957 638 2000 munus
661 1940 754 2000 tuum
777 1935 861 1998 male
881 1935 1065 2016 collocetur,

11 2046 30 2084 a
46 2043 147 2108 cogor
164 2027 273 2106 petere
292 2047 311 2087 a
328 2027 370 2108 te,
388 2046 455 2088 non
469 2025 574 2088 solum
590 2025 631 2089 ob
646 2024 818 2106 theatrum,
835 2044 947 2086 verum
967 2023 1064 2086 etiarn

45 2112 89 2175 ob
107 2113 187 2176 haec
206 2112 332 2177 balinea
350 2114 459 2177 mittas
480 2113 690 2177 architectum
710 2113 936 2195 dispecturum,
955 2114 1064 2174 utrum

44 2202 89 2265 sit
111 2200 223 2265 utilius
246 2205 321 2284 post
340 2206 515 2286 sumptum,
538 2204 594 2286 qui
612 2203 716 2266 factus
736 2205 794 2285 est,
817 2220 947 2284 quoquo
966 2199 1063 2264 modo

44 2311 268 2356 consummare
292 2311 398 2375 opera,
421 2295 457 2354 ut
479 2291 630 2355 inchoata
654 2295 743 2374 sunt,
770 2312 824 2373 an,
853 2311 934 2373 quae
956 2289 1064 2352 viden·

43 2383 99 2443 tur
117 2379 322 2462 emendanda,
341 2381 508 2465 corrigere,
532 2402 613 2463 quae
632 2379 860 2462 transferenda,
883 2378 1064 2461 transferre,

11 2489 30 2530 a
44 2491 99 2550 ne,
127 2468 203 2532 dum
232 2491 357 2534 servare
384 2470 558 2550 volumus,
576 2470 662 2552 quod
690 2471 872 2552 impensum
895 2471 957 2550 est,
980 2467 1063 2530 male

37 2557 280 2642 impendamus,
304 2559 391 2641 quod
414 2558 595 2622 addendum
618 2563 675 2623 est.

447 2721 507 2780 XL.
532 2717 665 2802 [XLIX]

391 2823 564 2872 TRAIANUS
588 2824 718 2872 Pnnuo.

112 2910 196 2988 Quid
215 2916 363 2996 oporteat
380 2914 451 2978 fieri
469 2914 553 2978 circa
572 2914 744 2996 theatrum,
768 2913 854 2997 quod
875 2911 1062 2977 inchoatum
1083 2925 1096 2972 1

11 3001 131 3084 capud
145 2999 337 3068 Nicaeenses
361 3007 419 3086 est,
442 3003 476 3066 in
498 3025 532 3066 re
550 3005 712 3085 praesenti
731 3003 852 3085 optime
872 3001 1062 3065 deliberabis

42 3095 76 3154 et
109 3095 202 3154 const
188 3091 295 3155 t.itues
340 3090 423 3156 Mihi
456 3091 594 3156 sufficiet
580 3093 769 3175 tindioari,
802 3092 854 3154 cui
886 3090 1063 3154 sententiae

42 3181 223 3244 accesseris.
254 3179 423 3244 Tunot
367 3184 423 3245 aut
424 3203 475 3244 em
499 3204 517 3244 a
540 3182 673 3264 privatis
697 3181 783 3265 exigi
806 3200 903 3263 opera
925 3179 987 3243 tibi
1011 3198 1063 3241 cu·

41 3290 96 3332 rae
117 3269 168 3352 sit,
187 3290 260 3332 oum
278 3271 450 3360 theatrum,
472 3274 569 3352 propt
570 3291 604 3334 er
623 3270 709 3353 quod
727 3271 783 3333 illa
801 3267 961 3352 promissa
979 3271 1064 3351 sunt,

41 3357 166 3422 factum
110 3359 258 3422 umerit.
306 3356 487 3442 Gymnasiis
517 3359 685 3460 indulgent
671 3355 871 3442 tGraeculi3
904 3358 976 3421 ideo
999 3356 1063 3420 for·
1082 3368 1097 3415 2

11 3467 28 3508 s
43 3447 129 3511 sitan
161 3445 354 3512 Nicaeenses
387 3447 506 3511 maiore
544 3449 650 3512 animo
685 3448 957 3512 constructionem
994 3445 1061 3510 eius

42 3536 187 3622 adgressi
201 3540 285 3601 sunt.
323 3535 386 3602 Sed
401 3540 527 3620 oportet
513 3537 624 3600 tilios
639 3557 676 3600 eo
692 3540 860 3601 contentos
875 3558 953 3620 esse,
977 3533 1063 3618 quod
