2468 3938
140 132 204 196 102
574 131 602 186 G.
622 131 721 186 PLINI

137 317 225 360 orem
258 294 395 377 denique
427 296 515 379 tulit3
547 317 643 380 quem
674 317 734 380 ego
768 315 841 359 cum
873 317 913 359 ex
941 294 1157 359 admiratione

138 384 270 470 diligere
298 385 488 468 coepissem,
516 384 602 468 quod
630 385 756 448 evenire
784 387 896 448 contra
924 386 1020 468 66161,
1047 384 1155 469 magis

102 473 312 539 oadmiratus
349 495 437 556 sum,
468 477 640 557 postquam
672 473 800 556 penitus
832 473 966 556 inspexi.
1021 470 1153 557 Inspexi

137 563 224 626 enim
246 563 383 645 penitus.
419 561 512 625 Nihil
535 562 701 626 amaillo
724 565 891 646 secretum,
913 583 980 626 non
1003 562 1158 646 ioculare,

102 669 203 717 anon
233 651 360 733 serium,
389 672 456 714 non
484 651 586 733 triste,
612 671 679 714 non
705 651 836 714 laetum.
881 648 1156 716 Adulescentulus
1190 676 1203 716 s

138 763 233 823 eram,
257 743 289 804 et
311 740 376 803 iam
399 739 480 803 mihi
503 740 543 803 ab
567 738 623 803 illo
646 739 751 805 honor
771 743 868 822 atque
884 740 988 804 vetiarn
1012 738 1156 826 (audebo

138 825 255 913 dicere)
278 829 457 892 reverentia
480 831 517 891 ut
540 829 665 912 aequali
688 828 876 893 habebatur.
921 827 981 893 Ille
1004 849 1095 893 meus
1118 829 1158 892 in

136 917 282 1002 petendis
306 917 484 981 honoribus
508 917 701 1002 suffragator
724 921 756 981 et
778 918 883 1000 166116,
906 918 961 984 1116
985 917 1020 980 in
1042 918 1157 982 incho-

138 1006 228 1070 andis
259 1006 413 1070 deductor
442 1010 475 1070 et
503 1027 619 1090 comas,
646 1007 701 1070 ille
728 1006 763 1069 in
790 1005 937 1092 gerendis
966 1007 1158 1071 consiliator

138 1099 170 1159 61
187 1098 301 1178 rector,
319 1096 374 1160 ille
394 1096 530 1177 denique
544 1096 579 1158 in
598 1095 747 1160 omnibus
767 1095 882 1160 officiis
896 1096 1024 1178 nostris,
1039 1117 1156 1179 quam-
1174 1121 1203 1162 10

138 1206 234 1266 quarn
258 1188 290 1248 61
313 1185 481 1248 inbecillus
506 1188 538 1248 et
565 1185 680 1267 senior,
703 1185 795 1268 quasi
818 1184 943 1249 iuvenis
970 1187 1003 1249 et
1025 1183 1156 1248 validus

104 1273 403 1358 soonspioiebatur.
440 1271 602 1349 Quantum
640 1274 695 1336 ille
726 1274 832 1337 famae
863 1295 953 1337 meae
985 1273 1086 1356 domi,
1118 1274 1158 1336 in

138 1362 281 1445 publico,
314 1365 471 1445 quantum
508 1363 605 1427 etiam
643 1361 728 1446 apud
764 1363 942 1445 principem
979 1362 1158 1426 adstruxit!

103 1467 118 1515 8
137 1449 232 1534 Nem,
256 1471 330 1514 cum
353 1451 437 1515 forte
460 1450 499 1514 de
517 1451 612 1514 bonis
630 1451 802 1515 iuvenibus
826 1448 911 1535 apud
933 1449 1075 1515 Nervam
1093 1451 1158 1514 im-

137 1543 317 1623 peratorem
346 1561 450 1604 sermo
479 1539 657 1623 incidisset,
687 1543 719 1604 et
745 1539 891 1624 plerique
921 1561 972 1604 me
1002 1539 1157 1604 laudibus
1175 1566 1202 1607 1⁵

136 1629 270 1710 ferrent,
297 1629 461 1711 paulisper
488 1649 521 1692 66
549 1629 633 1694 intra
661 1628 825 1693 silentium
853 1628 966 1712 tenuit,
994 1627 1081 1711 qnod
1104 1627 1158 1692 illi

137 1717 313 1800 plurimum
337 1718 538 1781 auctoritatis
562 1717 712 1801 addebat3
736 1716 850 1781 deinde
869 1717 1036 1803 gravitate,
1054 1739 1157 1801 quam

137 1827 232 1869 noras
257 1804 410 1870 ‘Necesse
437 1805 501 1871 est'
525 1807 632 1889 inquit
651 1806 794 1891 ‘parcius
812 1807 940 1870 laudem
960 1804 1159 1889 Secundum,
1230 1859 1231 1866 ,

104 1911 119 1959 3
139 1895 214 1977 quia
232 1894 315 1958 nihil
332 1896 395 1960 nisi
414 1917 453 1960 ex
473 1896 606 1960 oonsilio
626 1917 697 1960 meo
716 1894 815 1959 facit!
853 1893 922 1972 Qua
940 1916 1018 1960 1666
1037 1895 1158 1960 tribuit

138 1983 228 2066 mihi,
252 1987 408 2066 quantum
430 1981 540 2068 petere
565 1988 641 2048 1616
665 1984 863 2048 inmodicum
890 1988 969 2068 erat,
995 1985 1078 2048 nihil
1101 2007 1158 2049 me
1173 2012 1201 2052 66

137 2072 242 2137 facere
267 2094 335 2136 non
362 2074 610 2156 sapientissime,
639 2093 712 2137 cum
741 2074 849 2137 omnia
877 2095 917 2138 ex
945 2074 1079 2138 consilio
1105 2095 1158 2138 sa-

137 2162 331 2244 pientissimi
364 2163 425 2224 riri
456 2162 603 2226 facerem.
647 2161 733 2238 Quin
764 2162 861 2227 etiam
894 2163 1034 2227 moriens
1065 2163 1158 2228 filiae

139 2272 223 2333 suae,
246 2254 283 2314 ut
306 2250 376 2334 ipsa
399 2252 480 2314 solet
502 2249 698 2334 praedicare:
722 2250 860 2316 ‘Multos
880 2251 1010 2334 quidem
1029 2252 1157 2317 amicos

139 2339 200 2402 tibi
222 2342 259 2402 ut
281 2339 427 2423 longiore
450 2340 517 2403 1116
541 2341 661 2424 paravi,
685 2340 875 2425 praecipuos
903 2344 1011 2405 tamen
1034 2338 1158 2404 Secun-

87 2444 120 2493 16
140 2427 216 2491 dum
235 2431 268 2492 et
287 2424 485 2492 Cornutum?
517 2427 610 2505 Quod
629 2450 702 2494 oum
720 2429 879 2512 recordor,
897 2430 1052 2514 intellego
1070 2429 1157 2494 mihi
1172 2456 1199 2496 66

138 2517 358 2600 laborandum,
381 2538 422 2580 ne
445 2539 509 2601 qua
530 2521 621 2602 parte
644 2517 753 2581 videar
770 2517 854 2582 hano
872 2517 911 2582 de
930 2541 981 2583 me
999 2517 1156 2582 fiduciam

86 2622 119 2670 11
138 2606 413 2690 providentissimi
440 2607 502 2669 riri
530 2606 720 2670 destituisse.
766 2605 870 2684 Quare
900 2628 961 2692 ego
988 2629 1064 2671 vero
1094 2605 1157 2671 Oo-

138 2695 248 2760 relliae
268 2695 362 2758 adero
377 2695 618 2778 promptissime
632 2715 691 2759 nec
705 2695 812 2760 subire
831 2696 969 2762 offensas
982 2697 1157 2780 recusabo;

140 2805 334 2868 quamquam
353 2805 419 2847 non
438 2785 542 2848 solum
557 2783 683 2849 veniam
702 2806 762 2867 me,
776 2807 888 2848 verum
907 2785 1004 2849 etiam
1022 2785 1156 2850 laudem

139 2873 224 2957 apud
246 2873 345 2938 istum
370 2873 484 2956 ipsum,
508 2895 526 2936 a
550 2894 623 2957 quc,
648 2876 686 2936 ut
708 2874 764 2956 ais,
787 2874 933 2938 novalis
956 2874 1093 2939 fortasse
1116 2879 1157 2940 ut
1172 2901 1199 2941 66

138 2961 277 3026 feminae
313 2961 503 3044 intenditur,
540 2962 679 3025 arbitror
714 2966 974 3046 consecuturum,
1011 2964 1038 3028 si
1074 2963 1159 3028 haec

140 3051 250 3114 eadem
264 3050 299 3113 in
313 3050 448 3133 actione,
466 3051 563 3115 latius
582 3051 704 3115 66111661
720 3055 752 3115 61
766 3051 904 3134 uberius,
919 3073 1017 3134 quam
1035 3052 1159 3136 epistu-

140 3140 243 3202 larum
263 3139 430 3224 angustiae
450 3139 568 3222 sinunt,
587 3139 758 3224 contigerit
775 3139 857 3204 mihi
874 3143 927 3205 161
945 3141 980 3204 in
998 3143 1158 3206 excusati-

142 3248 235 3292 onem
254 3230 307 3293 vel
327 3229 424 3292 etiam
444 3222 753 3317 commendationem
777 3251 881 3294 meam
906 3228 1019 3294 dicere.
1063 3228 1157 3295 Vale.

215 3372 228 3420 1
253 3366 374 3435 denique
394 3367 532 3437 RFpra,
554 3368 614 3423 0116
629 3369 690 3432 300,
710 3384 760 3422 om.
778 3369 835 3422 rell.
944 3374 977 3422 33
1000 3343 1158 3438 6111616,

141 3439 211 3503 ΚΙ,
234 3437 294 3492 Otto
309 3443 370 3501 300,
389 3455 440 3492 orn.
458 3441 515 3493 rell.
593 3442 630 3495 33
650 3455 690 3505 sq.
713 3438 822 3506 sinunt,
844 3439 994 3509 contigerit
1016 3439 1088 3494 mihi
1110 3441 1158 3496 161

142 3539 177 3548 -
200 3507 292 3562 dicere
312 3508 452 3576 RFpra,
478 3511 539 3564 0116
553 3513 617 3613 300,
638 3510 742 3576 sinunt,
765 3509 808 3563 161
822 3543 857 3551 -
871 3511 967 3566 dixero
987 3513 1025 3566 M
1032 3513 1099 3580 VD,
1116 3513 1157 3569 K.
