2480 3942
159 143 225 209 280
475 142 503 199 (l.
522 143 621 197 PLINI
639 143 686 197 ΕΤ
705 142 856 197 TRAIANI

505 311 640 371 nxvm.
665 305 830 390 [1111111]

358 412 386 460 (l.
410 412 549 462 PLINIUS
573 412 727 459 TRAIANO
751 411 976 460 IMPERATORI.

225 501 415 567 Potentibus
435 503 634 586 quibusdam,
657 504 694 565 ut
714 502 776 566 sibi
793 502 946 585 reliquias
966 521 1099 564 suorum
1119 507 1178 566 aut

159 594 292 675 propter
322 593 471 656 iniuriam
500 591 673 656 vetustatis
704 594 760 654 aut
789 595 923 673 propter
953 589 1095 654 fluminis
1128 593 1179 654 in·

160 701 288 745 cursum
312 682 437 764 aliaque
467 679 518 744 his
543 680 659 744 similia
683 699 903 762 quaecumque
927 679 1102 743 secundum
1126 703 1183 744 ex·
1205 687 1230 776 ⁵i

160 770 301 852 emplum
314 770 541 852 proconsulum
561 769 735 832 transferre
754 769 984 852 permitterem,
1002 769 1077 852 quia
1097 770 1179 833 soie

160 859 234 923 bam
257 859 291 922 in
310 858 388 922 urbe
407 861 519 922 nostra
537 880 577 922 ex
596 859 664 921 eius
682 857 772 922 modi
790 877 887 921 causa
905 858 1076 942 collegium
1095 879 1181 940 pon·

159 948 283 1012 tificum
308 947 388 1011 adiri
411 948 526 1030 solere,
549 950 595 1029 te,
620 947 760 1029 domine,
790 947 965 1010 maximum
986 946 1180 1029 pontificem
1229 969 1230 984 ¹

160 1037 389 1101 consulendum
413 1036 534 1119 putavi,
557 1036 635 1118 quid
658 1036 827 1100 observare
850 1057 901 1099 me
924 1035 1013 1099 velis.

522 1199 626 1258 111111.
651 1193 813 1279 [nunu]
1194 1222 1218 1262 11

504 1299 676 1348 TRAIANUS
701 1300 831 1348 PLINIO.
1229 1307 1230 1316 ¹

225 1391 350 1456 Durum
383 1395 433 1456 est
464 1392 632 1476 iniungere
664 1392 890 1455 necessitatem
922 1391 1181 1473 provincialibus

158 1482 349 1565 pontificum
376 1480 608 1563 adeundorum,
640 1481 668 1543 si
695 1480 847 1562 reliquias
879 1501 1010 1544 suorum
1039 1485 1182 1564 propter

159 1571 281 1652 aliquas
305 1571 406 1634 iustas
426 1590 537 1634 causas
556 1569 729 1632 transferre
749 1591 788 1632 ex
805 1569 878 1632 loco
897 1569 931 1631 in
951 1569 1048 1632 alium
1065 1569 1181 1634 locum

159 1659 267 1722 velint.
299 1656 467 1740 Sequenda
485 1678 561 1743 ergo
581 1658 690 1741 potius
709 1658 770 1722 tibi
793 1658 940 1740 exempla
959 1660 1034 1721 sunt
1054 1679 1181 1742 eorum,
1196 1684 1217 1722 1⁵

159 1748 216 1831 qui
233 1748 289 1811 isti
306 1748 489 1830 provinciae
507 1747 728 1831 praefuerunt3
747 1769 786 1810 ex
805 1767 901 1811 causa
921 1747 1034 1830 cuique
1053 1747 1102 1810 ita
1121 1752 1182 1811 0111

159 1837 411 1919 permittendum
435 1839 490 1900 aut
512 1835 702 1921 negandum.
1151 1859 1153 1864 ·

471 2017 476 2026 ·
537 2000 625 2059 LXX.
649 1994 796 2080 [Luxu]

361 2100 388 2148 0.
412 2099 551 2148 PLINIUS
575 2100 728 2149 1111110110
752 2100 977 2148 1000001001.

125 2211 138 2256 1
227 2189 399 2267 Quaerenti
413 2189 501 2275 mihi,
517 2191 653 2273 domine,
666 2189 787 2255 Prusae
801 2191 858 2254 ubi
872 2195 983 2274 posset
1002 2191 1182 2276 balineum,
1196 2217 1218 2256 a

160 2280 245 2363 quod
259 2281 432 2362 indulsisti,
446 2280 525 2363 fieri,
543 2281 665 2362 placuit
679 2280 780 2363 locus,
798 2281 832 2343 in
846 2301 910 2363 quo
924 2279 987 2344 fuit
1001 2280 1181 2364 aliquando

161 2369 349 2452 110111110,111
372 2369 480 2454 audio,
502 2368 650 2452 pulchra,
673 2389 759 2433 nunc
782 2369 933 2433 deformis
956 2369 1067 2432 ruinis.
1116 2368 1183 2434 Per
1229 2359 1230 2374 ¹

160 2457 223 2522 1100
246 2459 331 2521 0111111
354 2478 600 2542 consequemur,
632 2461 669 2521 ut
696 2457 882 2522 foedissima
910 2457 1009 2522 facies
1034 2457 1182 2524 civitatis

160 2549 300 2630 ornetur,
324 2550 420 2630 atque
439 2547 534 2610 etiam
553 2551 590 2610 ut
609 2547 679 2630 ipsa
699 2547 812 2610 civitas
832 2547 1012 2629 amplietur,
1031 2565 1093 2611 nec
1112 2549 1182 2612 ulla

160 2636 303 2700 aedificia
326 2637 495 2718 tollantur,
523 2636 592 2720 sed,
621 2638 802 2719 quaesunt
829 2638 989 2699 vetustate
1013 2636 1183 2721 sublapsa,
1197 2647 1230 2738 ²⁵i

124 2725 342 2790 arelaxentur
364 2725 398 2788 in
421 2724 544 2788 melius.
575 2722 636 2788 Est
655 2728 762 2789 autern
779 2722 875 2787 huius
896 2725 1009 2788 domus
1029 2726 1183 2790 condicio
1229 2745 1230 2752 ¹

160 2814 248 2877 talis:
280 2813 458 2899 Legaverat
481 2834 552 2876 eam
575 2810 726 2877 Claudius
745 2811 927 2896 Polyaenus
947 2810 1080 2878 Claudio
1103 2813 1184 2879 Cae-

160 2903 224 2966 sari
246 2903 403 2986 iussitque
425 2902 460 2965 in
478 2903 646 2985 peristylio
666 2901 825 2984 templum
844 2903 873 2966 ei
891 2902 970 2987 fieri,
992 2903 1123 2985 reliqua
1143 2927 1183 2968 ex

162 2992 256 3054 domo
275 2991 383 3056 locari.
406 2990 458 3055 Ex
477 3013 514 3055 ea
530 2990 669 3054 reditum
688 2990 873 3074 aliquandiu
887 2992 999 3055 civitas
1016 2995 1182 3076 percepit3

160 3080 272 3144 deinde
295 3081 452 3163 paulatim
473 3080 591 3163 partim
617 3081 767 3163 spoliata,
790 3080 909 3163 partim
931 3080 1082 3166 neglecta
1107 3103 1216 3146 cumo

159 3169 327 3252 peristylio
352 3169 465 3232 domus
489 3171 560 3232 tota
584 3170 727 3252 collapsa
749 3172 809 3253 est,
832 3189 869 3232 ac
891 3169 955 3233 iam
973 3191 1076 3252 paene
1096 3169 1183 3236 nihil

161 3278 200 3319 ex
223 3279 260 3320 ea
281 3258 343 3320 nisi
367 3258 470 3321 solum
493 3260 652 3342 superest,
683 3257 769 3340 quod
792 3259 843 3343 tu,
866 3257 1006 3341 domine,
1030 3259 1102 3324 sive
1128 3259 1182 3323 do-

160 3345 285 3407 naveris
310 3345 433 3409 civitati
457 3347 523 3409 sive
545 3348 654 3410 venire
672 3346 812 3429 iusseris,
834 3350 968 3430 propter
987 3350 1182 3430 opportuni·

188 3560 194 3572 .
234 3520 266 3568 16
286 3516 366 3568 etex
387 3518 494 3584 00100,
508 3518 577 3573 ΚΙ.
651 3523 684 3573 28
705 3520 750 3590 [ex
768 3519 863 3591 domo]
883 3521 970 3575 KH.
