2458 3940
140 117 209 209 378⁴
575 145 602 200 o.
622 143 720 198 curru

140 308 302 391 audemus,
327 309 402 391 quia
429 328 488 372 nec
510 308 559 372 fas
587 311 636 372 est
657 287 869 372 'affirmationi
897 312 970 371 tuae
998 307 1155 392 derogare

141 400 173 461 et
197 419 366 462 onerosum
390 397 537 462 confiteri
560 419 634 461 vera
661 418 738 480 esse,
767 418 848 479 quae
876 396 915 461 de
936 395 1039 479 nobis,
1060 418 1155 479 prae

106 487 251 552 asertim
281 490 348 551 tam
378 487 557 572 magnifica,
587 485 705 550 dixisti.
748 484 797 549 Tu
826 489 935 550 tamar
962 485 1077 570 dignus
1112 507 1154 566 es,

141 575 197 658 qui
216 596 270 639 eos
290 577 436 640 consules
454 575 562 658 facias,
577 574 617 638 de
631 575 747 657 quibus
761 575 824 638 ista
840 575 945 658 possis
959 573 1154 657 praedicare.
1208 623 1209 626 ,

140 661 276 728 'lbibuas
299 664 434 748 veniam,
459 663 545 747 quod
563 664 647 728 inter
664 663 744 727 haec
762 663 915 728 beneficia
933 666 990 726 tua
1007 663 1154 748 gratissi·
1179 687 1188 725 1

140 774 229 817 mum
253 756 301 816 est
323 752 425 835 nobis,
450 752 536 835 quod
556 773 616 816 nos
634 774 744 818 nurus
765 753 905 837 collegas
924 773 993 816 esse
1010 752 1153 816 voluisti.

106 838 201 908 elta
214 842 328 906 caritas
356 845 476 924 mutua,
504 841 550 905 ita
578 861 755 926 congruens
783 845 876 906 tenor
897 839 992 924 vitae,
1018 841 1062 903 ita
1087 863 1155 904 una

141 929 313 1014 eademque
340 931 422 994 ratio
450 930 608 1013 propositi
634 929 827 1014 postulabat,
851 929 942 994 cuius
969 951 1006 994 ea
1027 929 1086 1010 vis,
1118 933 1156 994 ut

139 1040 266 1083 morum
291 1018 468 1084 similitudo
492 1019 679 1083 concordiae
702 1022 830 1084 nostrae
859 1019 994 1104 gloriam
1017 1017 1155 1101 minuat,
1208 1037 1209 1066 ff

140 1129 178 1173 ac
200 1108 331 1192 perinde
359 1109 401 1172 sit
428 1107 555 1190 mirum,
583 1108 610 1171 si
638 1109 718 1172 alter
744 1111 891 1172 nostrum
918 1131 938 1171 a
965 1108 1088 1191 collega
1116 1128 1155 1172 ac
1169 1119 1209 1170 a*

107 1215 121 1262 τ
142 1196 169 1261 si
192 1219 211 1260 a
234 1218 267 1261 se
290 1198 358 1280 ipse
382 1196 556 1261 dissentiat.
593 1195 669 1262 Non
692 1218 768 1282 ergo
793 1196 1022 1280 temporarium
1044 1199 1078 1259 et
1103 1217 1155 1260 su·

141 1285 246 1349 bitum
270 1289 327 1369 est,
351 1286 436 1368 quod
458 1287 593 1368 uterque
621 1287 762 1370 collegae
790 1287 958 1350 consulatu
985 1288 1155 1367 tamquam
1208 1335 1209 1342 1

140 1375 257 1438 iterum
277 1395 334 1439 suo
355 1375 480 1460 gaudet,
498 1374 561 1438 nisi
576 1374 662 1457 quod
680 1379 797 1458 tamen,
811 1375 867 1458 qui
880 1395 990 1439 nusus
1005 1375 1154 1438 eonsules

141 1464 232 1547 fiunt,
256 1463 305 1528 bis
330 1463 469 1547 quidem,
498 1463 553 1528 sed
576 1463 776 1546 temporibus
800 1463 934 1527 diversis
957 1463 1154 1549 obligantur,

140 1573 199 1618 nos
224 1553 303 1618 duos
327 1554 511 1617 consulatus
535 1553 715 1636 accepimus
743 1553 848 1635 simul,
877 1552 974 1616 simul
1001 1551 1154 1638 gerimus,
1167 1575 1189 1616 a

139 1643 284 1724 alterque
307 1642 341 1705 in
364 1643 464 1706 altero
489 1642 687 1706 consuleret
709 1642 825 1705 iterum
845 1645 877 1705 et
894 1641 1014 1725 pariter
1031 1661 1153 1704 sumus.
1208 1699 1209 1706 ,

89 1730 134 1797 92
207 1728 291 1793 Illud
316 1751 390 1794 vero
415 1751 511 1813 quam
534 1730 669 1816 insigne,
688 1729 774 1813 quod
796 1730 891 1794 nobis
909 1729 1080 1813 praefectis
1104 1752 1153 1793 ae
1208 1721 1209 1792 l

141 1818 225 1882 rario
241 1820 443 1883 consulatum
458 1822 531 1883 ante
546 1839 642 1901 quam
661 1840 875 1884 successorem
895 1819 1024 1883 dedisti!
1046 1816 1153 1883 Aucta

139 1909 190 1972 est
213 1907 352 1993 dignitas
376 1907 541 1993 dignitate,
563 1929 623 1972 nec
646 1909 850 1973 continuatus
869 1911 1004 1990 tantum,
1018 1907 1081 1971 >sed
1100 1929 1153 1993 ge-

140 1996 281 2061 minatus
296 1999 344 2061 est
357 1996 469 2079 honor,
479 1997 640 2079 finemque
653 1997 822 2081 potestatis
837 1997 977 2080 alterius,
986 2001 1152 2079 tamquam
1167 2022 1190 2059 a
1208 2017 1209 2032 ¹

106 2105 121 2151 a
140 2107 254 2168 parum
274 2088 357 2150 esset
375 2086 529 2169 excipere,
547 2087 712 2170 praevenit
730 2086 837 2150 altera.
871 2084 975 2149 Tanta
993 2085 1053 2149 tibi
1073 2087 1152 2149 inte-

141 2175 268 2259 gritatis
291 2178 419 2239 nostrae
442 2173 558 2240 fiducia
580 2174 652 2257 fuit,
675 2178 800 2239 utnon
823 2174 985 2239 dubitares
1008 2178 1041 2238 te
1065 2176 1153 2239 salva

142 2263 327 2350 diligentiae
346 2267 420 2328 tuae
437 2263 562 2328 ratione
579 2263 749 2347 facturum,
764 2264 790 2328 si
809 2285 868 2328 nos
886 2266 962 2347 post
975 2263 1152 2327 maximum

142 2352 285 2417 officium
303 2353 447 2436 privatos
466 2373 618 2416 essenon
637 2351 764 2416 sineres.
797 2350 890 2435 Quid,
912 2353 998 2435 quod
1016 2353 1152 2417 eundem

141 2442 176 2504 in
193 2463 312 2505 annum
328 2442 529 2506 consulatum
543 2447 630 2506 tuam
644 2447 672 2506 et
688 2445 834 2508 nostrum
854 2441 1040 2505 contulisti?
1063 2440 1152 2527 Ergo
1165 2464 1188 2503 a
1208 2441 1209 2512 l

142 2551 208 2594 non
235 2529 297 2594 alia
325 2551 384 2594 nos
411 2530 529 2615 pagina
559 2552 655 2612 quam
685 2533 718 2594 te
748 2530 911 2594 consulem
942 2531 1092 2614 accipiet,
1123 2534 1153 2594 et
1208 2527 1209 2532 ’

142 2622 252 2683 nostra
285 2640 412 2702 quoque
444 2619 576 2682 nomina
607 2618 765 2683 addentur
795 2619 901 2702 fastis,
933 2619 1050 2701 quibus
1086 2621 1153 2702 ipse

107 2724 123 2773 3
141 2707 375 2791 praescriberis.
411 2706 461 2770 Tu
485 2707 624 2772 comitiis
647 2708 766 2772 nostris
788 2707 976 2791 praesidere,
999 2711 1036 2771 tu
1057 2708 1153 2772 nobis

143 2797 379 2860 sanctissimum
409 2796 490 2860 illud
522 2818 649 2862 carmen
680 2797 802 2879 praeire
835 2797 984 2882 dignatus
1016 2819 1063 2880 es,
1097 2801 1152 2860 tuo

141 2886 259 2951 iudicio
289 2885 435 2950 eonsules
463 2885 549 2968 faeti,
578 2888 634 2949 tua
662 2906 739 2950 voco
766 2886 942 2950 renuntiati
969 2906 1090 2969 sumus,
1116 2888 1187 2949 uta

215 3103 228 3148 1
249 3096 382 3149 audemus
398 3098 434 3162 A,
448 3096 600 3149 audeamus
615 3097 686 3167 culp.
701 3127 736 3136 —
753 3112 790 3149 ne
803 3095 847 3149 fas
859 3098 895 3150 A.
952 3101 984 3148 15
1000 3095 1153 3164 accipimus

142 3174 201 3222 vett.
221 3168 290 3233 edd,
309 3168 377 3221 KJ.
451 3173 484 3220 16
504 3167 630 3220 consules
650 3170 679 3220 et
693 3167 794 3222 Baehr.
805 3185 835 3236 p.
847 3168 945 3232 XXV,
963 3182 1037 3220 cons.
1053 3166 1103 3221 sed
1118 3172 1153 3232 A,

143 3237 240 3290 consul
259 3238 308 3290 sed
329 3239 352 3292 0
358 3238 401 3303 W,
421 3240 468 3305 K,
494 3237 621 3291 consules
636 3238 705 3304 BV,
724 3238 835 3305 Basta,
859 3237 986 3292 consules
1005 3237 1056 3291 sed
1075 3238 1152 3306 Ia'ps.

144 3313 176 3358 21
201 3307 290 3360 altera
314 3315 377 3362 uate
395 3323 487 3375 praev.
507 3310 571 3363 add.
592 3310 695 3374 Livia,
714 3309 825 3376 Barba,
844 3316 909 3380 post
931 3307 1047 3362 alterius
1068 3310 1151 3364 ΚΗ.
1208 3303 1209 3322 ’

144 3381 177 3427 25
201 3378 281 3429 tuum
304 3379 332 3430 et
355 3379 419 3432 add.
439 3379 548 3447 Sauppe
567 3381 640 3434 Phil.
656 3380 749 3434 XXX
758 3385 819 3445 136,
843 3381 954 3446 Bacca,
974 3381 1071 3434 Madv.
1092 3381 1152 3434 adr.

144 3446 269 3511 111222,
292 3446 321 3498 in
340 3465 424 3514 quern
445 3451 525 3502 tuum
549 3450 663 3516 consul,
687 3453 813 3504 nostrum
836 3451 956 3506 Sebaetla
971 3456 1006 3505 30
1028 3453 1064 3518 cf.
1075 3456 1119 3506 61.
1129 3455 1152 3505 4.

145 3519 179 3565 26
203 3530 287 3580 quam
306 3532 377 3581 quae
396 3535 429 3571 ee
447 3535 502 3573 racc
521 3521 578 3574 cod.
598 3522 690 3575 Parta.
709 3521 843 3588 Schwarz,
862 3522 963 3576 Baehr.
