2458 3940
323 160 578 215 PANEGYRIOUS
598 167 639 214 66.
651 177 706 214 1-
716 167 757 215 67.
769 178 789 217 s.
1007 160 1071 226 351

59 323 145 389 deor.
173 322 259 400 Quae
278 326 364 388 enim
382 323 439 388 illa
457 324 597 410 gravitas
616 324 856 408 sententiarum,
875 347 971 410 quam
993 325 1073 389 inaf-

58 413 178 477 fectata
209 415 326 478 veritas
361 412 546 497 verborum,
577 435 657 497 quae
688 413 885 479 adseveratio
919 416 954 479 in
984 434 1072 497 voce,

59 525 142 585 quae
165 502 336 567 affirmatio
360 504 394 566 in
416 502 518 585 vultu,
542 507 661 586 quanta
683 503 719 566 in
741 502 853 586 oculis,
874 505 998 587 habitu,
1020 525 1077 588 ge-

58 595 121 675 stu,
144 595 213 656 toto
237 592 373 676 denique
397 613 530 676 corpore
552 592 646 656 fides!
678 591 814 657 Tencbit
837 615 913 678 ergo
938 607 1106 676 semper,2

32 681 138 762 equid
161 682 305 764 suaserit,
329 678 563 763 soietque'nos,
586 681 734 764 quotiens
758 681 951 763 libertatem,
975 703 1072 765 quam

57 766 156 851 dedit,
181 770 394 853 experiemur,
418 769 481 833 sibi
502 791 622 853 parere.
658 769 727 834 Nec
749 771 923 835 verendum
947 774 1009 854 est,
1031 787 1107 833 nea

56 859 204 922 incautos
232 863 333 943 putet,
362 859 389 922 si
412 858 567 922 fidelitate
589 864 773 942 temporum
796 864 981 924 constanter
1002 863 1072 923 uta·

55 969 141 1030 mur,
168 969 249 1030 quos
276 948 424 1012 meminit
452 948 511 1011 sub
539 950 625 1012 malo
653 947 798 1032 principe
826 950 919 1013 aliter
945 950 1072 1013 vixisse.
1102 1003 1104 1007 .

55 1034 253 1119 Nuncupare
276 1042 352 1101 vota
375 1041 407 1100 et
432 1058 491 1120 pro
515 1038 703 1101 aeternitate
730 1037 858 1120 imperii
885 1042 918 1102 et
941 1059 1000 1121 pro
1024 1059 1073 1101 sa-

17 1152 42 1189 11
55 1127 127 1189 lute
150 1125 341 1208 principum,
360 1126 459 1190 immo
481 1147 540 1208 pro
560 1127 662 1190 salute
684 1126 864 1208 principum
886 1129 1073 1209 eapropter

56 1215 133 1278 flios
157 1237 215 1297 pro
240 1216 427 1279 aeternitate
450 1215 578 1297 imperii
602 1214 791 1279 solebamus.
828 1214 918 1280 Haeo
936 1237 995 1298 pro
1014 1215 1107 1280 im-4

56 1306 206 1386 peratore
233 1307 344 1368 nostro
372 1303 407 1370 in
435 1325 516 1387 quae
544 1305 609 1367 sint
638 1303 736 1369 verba
766 1308 927 1387 suscepta,
957 1325 1072 1387 operae
1103 1353 1105 1361 ,

55 1392 198 1476 pretium
226 1397 275 1456 est
301 1393 468 1457 adnotare:
505 1391 558 1456 ‘Si
584 1393 666 1457 bene
693 1415 762 1456 rem
788 1393 951 1478 publicam
978 1397 1072 1456 etex

54 1483 200 1546 utilitate
223 1482 367 1546 omnium
393 1533 425 1545 ..
448 1481 476 1546 .'.
512 1481 620 1568 Digna
642 1485 728 1564 rota,
751 1505 832 1565 quae
857 1504 982 1565 semper
1005 1502 1072 1545 sus-

15 1571 219 1654 recipiantur
242 1591 430 1654 semperque
455 1572 627 1634 solvantur.
670 1570 749 1656 Egit
772 1593 845 1637 cum
869 1573 917 1636 dis
940 1571 1011 1654 ipso
1039 1574 1109 1636 teo

55 1663 197 1743 auctore,
217 1657 340 1743 Caesar,
358 1681 409 1723 res
428 1660 566 1744 publica,
584 1664 621 1724 ut
639 1665 672 1724 te
691 1662 846 1744 sospitem
864 1662 1073 1725 incolumem·

54 1771 120 1833 que
143 1751 351 1833 praestarent,
374 1750 401 1812 si
424 1753 461 1812 tu
489 1753 611 1814 ceteros
639 1751 866 1836 praestitisses,
894 1751 922 1814 si
952 1752 1074 1832 contra,

52 1838 105 1903 1111
135 1859 263 1920 quoque
291 1861 309 1901 a
338 1838 483 1902 custodia
510 1839 559 1902 tui
587 1839 703 1923 capitis
731 1841 841 1904 oeulos
872 1839 1073 1904 dimoverent

53 1933 152 2010 teque
166 1927 383 2010 relinquerent
401 1928 496 2011 votis,
515 1949 596 2010 quae
614 1949 681 1992 non
698 1931 807 2011 petam
826 1929 1071 2012 susciperentur.

13 2042 39 2080 1ο
53 2017 124 2082 Α111
148 2037 182 2080 11
205 2017 392 2098 superstites
415 2017 462 2080 rei
484 2017 633 2101 publicae
657 2017 812 2099 optabant
838 2018 1071 2099 faciebantque,
1090 2033 1106 2080 1

52 2105 118 2170 tibi
142 2106 308 2168 1111111111
335 2105 438 2169 inrisa
462 2110 519 2190 est,
548 2105 575 2169 si
598 2126 664 2170 non
692 2106 734 2169 sit
757 2128 830 2171 cum
853 2103 900 2170 rei
923 2104 1071 2188 publicae

53 2195 160 2259 salute
183 2194 362 2258 coniuncta.
385 2194 492 2276 ¹Nihil
513 2217 573 2278 pro
596 2198 629 2258 te
652 2194 772 2276 pateris
796 2195 911 2277 optari,
932 2193 996 2257 nisi
1019 2215 1071 2257 ex-

52 2283 166 2367 pediat
189 2284 386 2366 optantibus,
410 2281 623 2366 omnibusque
650 2283 743 2348 annis
771 2285 805 2347 in
833 2283 1003 2347 consilium
1032 2282 1071 2346 de

51 2378 86 2437 te
112 2372 189 2436 deos
212 2373 315 2436 mittis
339 2372 515 2458 exigisque,
537 2377 575 2436 ut
597 2373 789 2436 sententiam
817 2395 907 2437 suam
935 2375 1071 2455 mutent,

12 2463 83 2527 1111
112 2461 187 2524 talis
215 2482 283 2526 esse
313 2459 452 2544 desieris,
483 2461 587 2544 qualis
617 2463 738 2526 electus
768 2484 810 2526 es.
855 2459 917 2525 Sed
945 2460 1106 2546 ingentis

52 2550 262 2633 conscientia,
285 2548 409 2633 Caesar,
433 2551 525 2633 quasi
547 2550 718 2633 pacisceris
742 2572 815 2615 cum
839 2550 897 2634 dir,
918 2554 957 2614 ut
978 2553 1019 2626 te,
1043 2548 1071 2613 11

52 2639 223 2722 merueris,
251 2642 390 2723 servent,
419 2661 491 2704 oum
522 2639 617 2724 scias,
647 2663 689 2704 an
716 2639 880 2722 merearis,
910 2639 1070 2703 neminem

52 2729 160 2813 magis
179 2749 275 2810 quam
294 2728 371 2793 deos
390 2729 478 2793 scire.
505 2726 624 2793 Nonne
641 2729 743 2812 robis,
760 2733 867 2812 patres
887 2728 1070 2811 conscripti,
1089 2743 1105 2791 8

51 2819 135 2882 haec
159 2817 270 2882 diebus
293 2838 331 2881 ao
353 2817 502 2882 noctibus
526 2819 648 2903 agitare
674 2819 781 2883 seeum
804 2817 944 2882 videtur:
981 2815 1069 2900 ‘Ego

10 2934 36 2972 11
52 2906 187 2991 quidem
210 2907 245 2970 in
267 2929 328 2989 me,
351 2908 379 2970 si
402 2907 546 2971 omnium
569 2907 693 2972 utilitas
721 2908 767 2970 ita
790 2911 946 2990 posceret,
973 2905 1070 2969 etiam

52 2995 210 3080 praefecti
233 3017 363 3060 manum
387 2996 521 3081 armavi3
550 2996 605 3060 sed
627 3019 668 3060 ne
696 2997 827 3060 deorum
858 2995 987 3079 quidem
1015 2997 1071 3057 aut

51 3106 269 3130 -4—

20 3229 25 3238 .
129 3194 240 3254 1quae
264 3205 349 3256 quam
372 3207 405 3243 ea
422 3205 472 3244 100
493 3191 605 3243 Moaac.
628 3190 665 3242 K.
673 3190 713 3242 II.
787 3187 984 3242 tverborum!
1008 3187 1070 3237 tum

52 3275 129 3328 quae
148 3260 258 3326 Basta,
277 3260 362 3313 verbo
379 3277 472 3314 rerum
491 3275 563 3329 quae
581 3277 606 3314 o.
625 3276 679 3326 que
698 3260 775 3314 codd.
849 3265 880 3312 11
900 3258 1069 3326 imperatore

53 3331 156 3396 Perta,
177 3330 267 3398 Geso,
286 3333 372 3398 ΚΠ,
396 3332 507 3396 Basta,
530 3330 647 3399 imperio
666 3333 748 3401 culp,
767 3332 836 3385 KJ.
910 3335 943 3382 14
965 3327 1069 3382 rexeris

52 3421 87 3457 ex
102 3402 189 3470 antiq.
204 3401 263 3457 edd.
279 3404 343 3458 add.
359 3404 427 3458 K.I.
500 3408 534 3456 25
553 3401 665 3456 tutelis
680 3418 740 3456 esse
755 3403 865 3468 Bostar,
878 3400 978 3454 tulisse
992 3399 1069 3454 codd.

53 3505 87 3514 -
109 3472 144 3528 el.
165 3488 204 3538 11,
223 3477 252 3527 11
266 3474 323 3544 ing.
339 3476 440 3528 Baetr.
451 3475 565 3544 probam.
639 3479 672 3526 26
692 3473 774 3540 quasi
788 3473 899 3538 Boetr,
913 3487 969 3540 qua
983 3471 1070 3535 codd„

53 3563 105 3600 om.
126 3545 199 3614 only.
281 3552 314 3599 27
338 3545 472 3600 merueris
492 3547 578 3612 ΚΠ,
597 3546 709 3612 Baete,
727 3544 877 3599 mereberis
894 3544 980 3609 codd„
1000 3543 1070 3610 KJ.
