2480 3942
398 158 656 214 srrsrcmaun
675 164 752 216 c-c.
1016 161 1089 228 255*

64 325 151 386 teret
185 322 221 386 in
256 321 467 407 municipium
504 323 674 388 transferre
710 321 834 389 adiecta
870 345 927 388 sua
968 328 1082 390 statua

66 410 162 487 Quod
184 411 239 475 ille
262 411 343 476 mihi
366 433 439 476 cum
462 413 649 496 plenissimo
677 412 862 478 testimonio
892 413 1116 497 indulserat32

65 522 129 585 ego
166 501 276 565 statim
309 501 534 566 decurionibus
567 502 772 585 scripseram,
808 506 846 567 ut
877 502 1082 588 adsignarent

67 591 188 674 solum,
220 590 255 653 in
278 611 342 673 quo
365 591 523 674 templum
546 591 682 674 pecunia
708 613 781 655 mea
807 594 1002 675 extruerem3
1032 591 1082 655 illi

35 679 102 751 5in
124 678 280 743 honorem
304 679 409 762 operis
432 680 532 763 ipsius
552 680 741 744 electionem
763 680 827 744 loci
854 680 935 744 mihi
959 680 1082 744 obtule-

64 771 149 830 rant.
195 766 258 832 Sed
280 769 420 852 primum
444 791 528 852 mea,
560 769 673 833 deinde
695 769 796 852 patris
819 769 867 833 tui
890 769 1117 854 valetudines

64 861 179 939 postea
203 857 286 920 curis
310 857 448 944 delegati
471 881 490 922 a
512 858 604 922 vobis
633 857 733 923 officii
755 861 898 922 retentus
927 881 1013 924 nunc
1036 859 1082 923 vi-

65 946 144 1009 deor
162 947 420 1015 commodissime
437 969 531 1031 posse
550 947 583 1010 in
602 969 670 1011 rem
688 951 888 1031 praesentem
907 969 1081 1012 excurrere.

64 1033 152 1100 Nam
194 1038 226 1099 et
266 1040 466 1100 menstruum
508 1058 615 1101 meum
656 1037 800 1100 kalendis
838 1035 1081 1120 Septembribus

21 1157 48 1196 10
63 1122 195 1208 finitur,
231 1128 264 1188 11
300 1146 435 1209 sequens
474 1125 593 1190 mensis
631 1127 810 1209 complures
847 1126 913 1189 dies
950 1125 1081 1190 feriatos

64 1211 172 1277 habet.
217 1213 312 1300 Rogo
336 1235 412 1300 ergo
436 1218 510 1280 ante
534 1214 655 1298 omnia,
687 1215 855 1298 permittas
883 1214 963 1278 mihi
992 1232 1116 1299 opusc

64 1302 153 1384 quod
175 1302 383 1368 incohaturus
407 1326 488 1388 sum,
511 1325 663 1368 exornare
687 1307 720 1367 et
741 1306 798 1368 tua
821 1306 936 1387 statua,
960 1303 1081 1388 deinde,

64 1394 103 1454 ut
132 1389 197 1462 ¹hoc
228 1391 333 1457 facere
366 1415 462 1476 quam
495 1393 710 1457 maturissime
747 1393 882 1476 possim,
914 1393 1081 1478 indulgeas

65 1485 290 1545 commeatum.
309 1481 386 1545 Non
399 1487 448 1546 est
467 1485 574 1546 autem
594 1482 810 1565 simplicitatis
828 1503 918 1546 meae
933 1481 1116 1546 dissimum

22 1601 48 1641 15
65 1570 133 1632 lare
161 1570 245 1653 apud
277 1570 455 1635 bonitatem
488 1573 577 1635 tuam
610 1572 715 1635 obiter
744 1576 777 1635 te
808 1571 984 1655 plurimum
1017 1571 1080 1636 col-

63 1659 207 1722 laturum
226 1659 421 1725 utilitatibus
440 1660 486 1724 rei
499 1660 667 1724 familiaris
682 1682 778 1725 meac.
804 1659 966 1747 Agrorum
986 1661 1081 1744 enim,

65 1768 147 1830 quos
171 1747 205 1810 in
228 1749 337 1813 eadem
361 1749 491 1835 regione
513 1749 675 1833 possideo,
702 1750 835 1833 locatio,
864 1771 936 1814 eum
960 1749 1081 1833 alioqui

65 1833 169 1900 CCCC
192 1838 337 1920 excedat,
360 1839 438 1902 adeo
461 1860 529 1902 11111
554 1842 662 1922 potest
684 1839 817 1922 differri,
840 1843 877 1903 ut
899 1839 1080 1922 proximam

63 1925 266 2008 putationem
298 1949 401 1992 novus
434 1929 567 1992 colonus
597 1928 706 1992 facere
737 1928 859 1992 debeat.
912 1926 1081 1992 Praeterea

21 2045 49 2084 ao
65 2014 236 2079 continuae
265 2016 449 2081 sterilitates
480 2021 600 2102 cogimt
627 2038 678 2080 me
703 2017 740 2080 dc
763 2016 1005 2081 remissionibus
1029 2038 1081 2080 co·

64 2104 181 2189 gitare3
210 2127 345 2187 quarum
369 2106 525 2169 rationem
553 2106 617 2170 nisi
639 2126 789 2189 praesens
816 2105 897 2168 inire
920 2127 986 2168 non
1008 2127 1080 2189 pos-

64 2215 145 2256 sum.
173 2192 306 2259 Debebo
327 2216 412 2279 ergo,
436 2194 573 2277 domine,
595 2195 814 2280 indulgentiae
837 2197 910 2258 tuae
929 2198 962 2257 et
980 2195 1114 2278 pieta-c

2 2327 3 2330 κ
63 2283 106 2346 111
135 2303 224 2347 meae
253 2283 448 2348 celeritatem
476 2288 509 2348 et
536 2287 638 2348 status
669 2283 916 2366 ordinationem,
949 2283 976 2346 si
999 2283 1080 2346 mihi

64 2372 106 2435 ob
130 2375 265 2456 utraque
289 2372 368 2436 haec
391 2372 513 2437 dederis
545 2376 759 2437 commeatum
786 2372 920 2458 triginta
947 2371 1079 2437 dierum.

22 2489 48 2529 25
63 2459 179 2544 Neque
202 2461 287 2524 enim
312 2461 478 2547 angustius
502 2465 629 2546 tempus
652 2462 820 2546 praefinire
840 2483 982 2546 possum,
1006 2483 1079 2526 cum

65 2553 97 2614 et
120 2549 333 2634 municipium
357 2554 389 2615 11
412 2551 497 2637 agri,
529 2551 708 2634 dequibus
739 2552 868 2635 loquor,
901 2551 965 2615 sint
994 2551 1080 2615 ultra

65 2639 277 2703 centesimum
301 2643 333 2704 et
357 2639 658 2726 quinquagesimum
681 2641 830 2724 lapidem.

472 2805 522 2862 IX.
549 2799 668 2884 [XXV]

409 2905 581 2953 1111111111
606 2904 736 2954 sumre.

21 3022 49 3062 ao
129 2992 211 3078 †Et
229 2995 347 3058 multas
367 2998 399 3059 et
418 3017 528 3059 omnes
547 2997 693 3080 publicas
717 3017 828 3060 causas
845 2994 975 3078 petendi
994 3014 1079 3058 com-

63 3086 188 3148 meatus
211 3083 391 3168 reddidisti3
422 3084 503 3148 mihi
531 3088 637 3148 autem
665 3085 717 3149 vel
745 3085 813 3148 sola
841 3084 990 3148 voluntas
1022 3087 1079 3147 tua

63 3172 250 3237 suffecisset.
271 3171 392 3256 ⁴Neque
411 3174 496 3237 enim
516 3173 628 3237 dubito
648 3178 689 3257 te,
711 3177 749 3236 ut
766 3173 911 3257 primum
925 3173 1078 3256 potueris,

62 3262 102 3326 ad
125 3265 193 3325 tam
217 3261 398 3326 districtum
423 3263 566 3327 officium
588 3284 799 3326 reversurum.
830 3259 977 3326 Statuam
1000 3261 1078 3348 poni

135 3405 151 3454 2
167 3400 247 3466 Quod
257 3401 372 3469 quidem
382 3401 420 3454 K.
426 3403 451 3469 1,
466 3402 597 3470 quodque
606 3420 633 3456 a.
684 3406 717 3454 12
731 3401 854 3455 incohat.
865 3419 891 3468 a,
905 3400 1028 3455 inchoat.
1039 3401 1077 3454 K.

61 3474 109 3528 rid
123 3477 280 3542 p.149.‚16.
355 3477 389 3526 30
407 3472 445 3526 nt
458 3474 586 3542 placatas
603 3472 708 3526 multas
728 3477 756 3528 et
775 3489 870 3528 omnes
887 3473 993 3540 Colca,
1008 3472 1077 3538 K.I,

60 3545 98 3599 Et
116 3543 222 3598 multas
242 3545 271 3598 et
290 3543 410 3616 [omnes]
433 3545 600 3601 K.11coaa'.
624 3543 729 3598 Multas
753 3546 782 3599 et
804 3544 928 3614 privatas
952 3547 981 3598 11
998 3542 1075 3612 publ.
