2468 3938
390 131 647 189 EPISTULARUM
665 132 691 187 V
711 137 752 200 1³,
773 139 813 187 14.
1047 133 1107 198 131

93 293 285 379 Exprimere
311 317 379 360 non
405 317 552 380 possum,
583 300 704 378 quanto
733 291 939 382 simlgaudio
964 297 1143 363 adfectusa

95 390 129 450 et
151 385 253 468 ipsius
276 389 309 450 et
332 406 403 449 meo
426 386 566 468 nomine,
588 385 706 469 ipsius,
728 386 823 469 quod,
848 387 890 452 sit
912 387 1002 469 licet,
1026 387 1110 451 sicut

94 477 153 556 est,
176 475 217 539 ab
241 474 330 538 omni
352 474 527 539 ambitione
549 475 647 559 longe
669 479 821 558 remotus,
840 475 935 540 debet
951 479 1061 540 tamen
1079 476 1109 540 ei

93 563 253 628 iucundus
275 563 380 636 honor
403 585 471 628 csse
493 563 580 627 ultro
604 563 707 644 datus,
730 585 811 646 meo,
835 564 921 647 quod
942 565 1108 648 aliquanto

68 651 200 738 imagis
224 674 275 717 me
299 651 435 716 delectat
454 653 640 718 mandatum
659 651 740 717 mihi
759 653 913 737 officium,
935 657 1107 737 postquam

93 763 153 826 par
178 738 321 806 Cornuto
344 741 455 806 datum
477 740 580 806 rideo.
625 739 740 825 Neque
762 741 849 806 enim
871 743 983 828 augeri
1005 742 1142 828 digni-3

93 834 162 894 tate
185 851 282 913 quam
304 831 435 912 aequari
456 829 552 894 bonis
576 830 708 916 gratius.
741 827 883 896 Gomuto
903 835 1010 896 autem
1031 832 1108 914 quid

93 915 224 1001 melius,
252 917 330 1002 quid
353 919 509 1002 sanctius,
533 919 610 1001 quid
633 920 668 984 iu
691 920 780 983 omni
802 942 918 1005 genere
940 921 1044 984 laudis
1068 921 1108 984 ad

93 1007 258 1091 exemplar
291 1007 493 1091 antiquitatis
527 1007 729 1092 expressius?
768 1009 854 1090 quod
889 1009 970 1073 mihi
1000 1010 1108 1094 cogni-

50 1121 77 1161 ιο
90 1101 163 1161 tum
186 1100 236 1161 est
258 1118 324 1160 non
345 1096 444 1180 fama,
472 1117 536 1179 qua
558 1097 679 1180 alioqui
703 1097 825 1181 optima
848 1101 881 1161 et
902 1098 1108 1162 meritissima

90 1185 222 1268 fruitur,
243 1185 300 1250 sed
321 1185 428 1272 longis
451 1185 640 1271 magnisque
664 1187 899 1269 experimentis.
939 1185 1013 1260 Una
1036 1186 1107 1250 dili-
1125 1202 1142 1250 4

91 1275 216 1360 gimus,
247 1297 312 1340 una
335 1273 505 1339 dileximus
529 1296 640 1340 omnes
663 1275 743 1358 fere,
775 1296 856 1357 quos
886 1279 973 1339 aetas
996 1278 1107 1339 nostra

91 1365 127 1427 in
150 1367 289 1447 utroque
312 1385 391 1428 sexu
413 1364 620 1428 aemulandos
643 1363 734 1448 tulit;
765 1385 847 1447 quac
870 1365 1006 1428 societas
1029 1364 1106 1428 ami-

91 1452 242 1518 citiarum
266 1452 426 1518 artissima
448 1474 508 1518 nos
531 1453 749 1518 familiaritate
772 1453 948 1518 coniunxit.
993 1451 1141 1518 doces-5

3 1563 4 1574 ¹
50 1567 75 1607 rs
91 1542 136 1606 sit
159 1542 324 1606 vinculum
347 1541 592 1606 necessitudinis
615 1541 771 1625 publicae.
803 1540 893 1608 Idem
912 1542 997 1606 enim
1016 1542 1106 1626 mihi,

89 1634 129 1694 ut
166 1631 245 1714 scis,
281 1630 405 1717 collega
435 1632 533 1714 ,quasi
569 1634 647 1696 voto
683 1632 804 1715 petitus
840 1633 875 1695 in
907 1631 1106 1715 praefectura

88 1719 207 1784 aerarii
228 1719 306 1804 fuit,
331 1720 395 1785 fuit
423 1725 455 1784 et
485 1720 520 1784 in
542 1721 719 1785 considam.
765 1719 849 1784 Tum
872 1742 948 1807 ego,
977 1721 1034 1802 qui
1056 1721 1107 1784 vir

3 1863 5 1876 ,
89 1813 124 1872 et
147 1812 287 1892 quantus
311 1812 408 1892 esset,
440 1809 596 1873 altissime
623 1809 764 1894 inspexi,
796 1831 869 1875 cum
898 1830 1047 1892 sequerer
1069 1813 1107 1874 ut

88 1899 293 1984 magistrum,
315 1902 353 1962 ut
371 1902 536 1981 parentem
555 1920 689 1982 uererer,
713 1899 798 1982 quod
820 1902 972 1962 nontam
991 1899 1105 1964 aetatis

25 2012 75 2052 sao
88 1987 278 2052 maturitate
306 2009 402 2072 quam
435 1987 519 2052 vitae
547 1987 736 2052 merebatur.
781 1986 842 2050 His
869 2009 910 2050 ex
937 1988 1040 2051 causis
1068 1992 1140 2052 utc

88 2076 140 2140 illi
160 2077 208 2141 sic
225 2074 306 2140 mihi
325 2076 470 2161 gratulor
487 2096 547 2140 nec
560 2076 712 2159 privatim
731 2076 835 2161 magis
850 2097 947 2159 quam
965 2075 1106 2161 publice,

88 2165 179 2248 quod
197 2165 327 2229 tandem
345 2164 492 2229 homines
511 2186 578 2230 non
595 2164 636 2228 ad
654 2164 797 2248 pericula
814 2168 852 2228 ut
869 2163 968 2248 prius,
991 2186 1102 2229 verum

4 2289 7 2348 3
88 2255 130 2319 ad
161 2253 300 2318 honores
330 2255 449 2319 virtute
479 2254 677 2337 perveniunt.
723 2251 762 2318 In
791 2253 954 2318 infinitum
985 2254 1140 2337 epistu-'e

5 2349 6 2410 3
86 2345 156 2408 lam
180 2344 359 2426 extendam,
382 2343 409 2408 si
432 2342 550 2428 gaudio
579 2364 651 2408 meo
674 2342 869 2428 indulgeam.
915 2341 1106 2407 Praevertor

5 2413 8 2492 l
47 2457 72 2498 aa
88 2433 131 2497 ad
156 2453 202 2514 aa,
226 2452 307 2515 quae
330 2453 382 2495 me
405 2435 553 2518 agentem
577 2427 632 2497 hic
654 2431 787 2496 nuntius
811 2430 1028 2515 deprehendit.

157 2519 258 2584 Eram
277 2541 349 2585 cum
368 2541 540 2604 prosocero
558 2542 641 2604 meo,
665 2542 751 2585 eram
771 2542 844 2585 cum
867 2521 967 2584 amita
984 2520 1104 2604 uxoris,
1123 2536 1139 2584 8

5 2609 7 2670 ζ
86 2632 177 2675 eram
202 2629 275 2674 omn
299 2610 409 2674 amicis
433 2610 488 2673 diu
512 2609 712 2695 desideratis,
742 2608 949 2675 circumibam
972 2609 1104 2692 agellos,

86 2697 259 2764 audiebam
295 2699 435 2764 multum
470 2699 662 2763 rusticarum
699 2697 927 2782 querellarum,
961 2698 1103 2762 rationes

11 2795 15 2802 '
86 2787 237 2873 legebam
269 2787 390 2851 invitus
422 2791 455 2851 et
487 2788 605 2852 cursim
638 2785 724 2874 (aliis
752 2787 838 2852 enim
866 2786 999 2871 chartis,
1031 2786 1103 2850 aliis

6 2879 10 2936 l
48 2901 73 2942 ao
87 2899 162 2941 sum
180 2876 298 2940 litteris
317 2873 487 2961 initiatis),
511 2897 677 2960 coeperam
697 2875 793 2940 etiam
817 2876 926 2939 itineri
944 2897 996 2940 mc
1015 2896 1103 2959 prae·

6 2973 7 2978 ’
86 2987 211 3050 parare.
269 2964 354 3029 Nam
390 2965 538 3030 includor
573 2965 743 3051 angustiis
768 2968 964 3030 commeatus
1001 2981 1138 3049 eoquat

7 3015 9 3082 l
86 3058 170 3140 ipso,
194 3053 281 3136 quod
304 3054 486 3140 delegatum
506 3051 648 3119 Cornuto
673 3054 767 3137 audio
787 3053 941 3136 officium,
963 3054 1027 3117 mci
1051 3053 1103 3117 ad-

7 3133 13 3246 l
85 3165 231 3209 moneor.
264 3140 367 3227 Cupio
390 3147 423 3208 te
446 3164 574 3227 quoque
597 3142 657 3207 sub
676 3143 761 3207 idem
784 3146 912 3226 tempus
928 3140 1104 3226 Campania

85 3236 145 3298 tua
166 3231 327 3316 remittat,
358 3233 511 3318 nequis,
543 3254 615 3296 cum
640 3233 674 3296 in
697 3231 809 3295 urbem
831 3231 968 3315 rediero,
992 3236 1103 3298 contu·

51 3345 74 3386 aa
87 3321 201 3386 bernio
224 3324 336 3386 nostro
361 3320 428 3386 dies
451 3325 569 3404 pereat.
616 3320 707 3385 Vale.

159 3521 175 3569 9
196 3513 355 3583 exemplum
373 3514 438 3568 K.I
447 3531 481 3568 ex
495 3515 537 3568 M.
589 3567 595 3578 ,
