2480 3942
149 147 215 212 282
466 147 494 202 0.
514 146 613 200 PLINI
631 147 677 200 ET
698 146 852 201 ruamur

528 315 660 374 cxxiv,
685 310 794 395 [va]
916 253 975 332 Ψ

350 416 378 464 ο.
401 415 541 464 rannus
566 416 720 464 rnlmrro
744 417 970 466 laranarom.

113 523 128 571 1
215 504 410 590 Appuleius,
434 506 575 589 domine,
601 507 708 590 miles,
739 507 795 591 qui
818 507 923 570 estin
947 507 1086 572 statione
1113 507 1174 572 Ni-

148 596 338 678 comedensi,
360 595 488 678 scripsit
507 593 587 659 mihi
606 596 765 679 quendam
783 597 913 660 nomine
927 593 1172 683 Callidromum,

149 703 223 748 cum
247 685 444 749 detineretur
467 684 640 748 aMaximo
664 688 696 748 et
711 683 868 768 Dionysio
886 686 1073 769 pistoribus,
1096 688 1172 770 qni-
1202 713 1214 753 a

148 773 209 837 bus
234 793 347 856 operas
371 794 445 837 suas
463 773 636 858 locaverat,
659 773 842 859 confugisse
861 773 901 838 ad
914 777 1006 838 tuam
1024 777 1172 840 statuam

147 862 403 947 perductumque
428 862 468 926 ad
491 862 700 947 magistratus
724 862 882 926 indicasse
905 864 1041 927 servisse
1059 883 1091 929 se
1111 865 1172 928 ali-

148 951 276 1034 quando
312 950 449 1016 Laberio
487 949 629 1014 Maximo
671 954 879 1035 captumque·
907 973 926 1016 a
966 949 1090 1038 Susago
1133 954 1171 1018 in

146 1037 271 1104 Moesia
294 1043 327 1104 et
350 1063 369 1104 a
386 1038 543 1104 Decibalo
561 1040 687 1103 muneri
705 1041 841 1104 missum
860 1039 992 1124 Pacoro,
1014 1039 1170 1107 Parthiae

146 1129 224 1215 regi,
243 1129 454 1214 pluribusque
474 1129 566 1193 annis
585 1129 619 1192 in
637 1129 815 1193 ministerio
835 1129 903 1194 eius
921 1129 1030 1212 fuisse,
1052 1131 1170 1196 deinde
1188 1159 1212 1198 10

111 1234 128 1282 a
147 1218 269 1303 fugisse
293 1221 390 1302 atque
413 1218 460 1282 ita
477 1219 512 1281 in
526 1216 748 1282 Nicomediam
766 1219 959 1302 pervenisse.
983 1217 1084 1295 Quem
1104 1242 1169 1306 ego

146 1307 338 1390 perductum
362 1307 402 1371 ad
420 1329 480 1389 me,
504 1328 577 1371 cum
596 1307 707 1371 eadem
724 1310 894 1391 narrasset,
912 1306 1108 1372 mittendum
1126 1310 1171 1374 ad

147 1399 179 1460 te
202 1397 329 1481 putari3
359 1396 446 1480 quod
468 1396 566 1480 paulo
589 1395 712 1460 tardius
734 1395 805 1479 feci,
828 1396 905 1460 dum
927 1397 1054 1480 requiro
1077 1418 1171 1484 gem-

146 1507 247 1568 mam,
280 1507 378 1569 quam
410 1485 473 1549 sibi
504 1483 677 1548 habentem
709 1485 884 1571 imaginem
912 1483 1028 1550 Pacori
1058 1485 1096 1570 †‚
1133 1492 1170 1552 et

111 1575 265 1657 aquibus
293 1577 424 1638 ornatus
454 1574 582 1656 fuisset,
614 1574 813 1638 subtractam
848 1573 1018 1639 indicabat.
1063 1573 1170 1640 Volui
1186 1602 1210 1643 rs

147 1663 232 1726 enim
256 1663 340 1727 hano
358 1683 495 1748 quoque,
519 1663 547 1726 si
566 1662 702 1726 inveniri
718 1663 889 1746 potuisset,
913 1664 1009 1727 simul
1026 1663 1170 1750 mittere,

146 1751 230 1816 sicut
254 1752 416 1837 glebulam
438 1752 527 1834 misi,
550 1773 647 1835 quam
671 1772 704 1816 se
728 1774 768 1816 ex
790 1750 940 1816 Parthico
964 1753 1094 1816 metallo
1119 1758 1169 1818 at-

145 1841 259 1904 tulisse
296 1840 430 1905 dicebat.
477 1838 612 1926 Signata
648 1844 698 1905 est
730 1841 827 1905 anulo
859 1862 948 1925 meo,
985 1841 1074 1906 cuius
1114 1848 1168 1908 est

146 1929 413 2014 aposphragisma
436 1929 599 2015 quadriga.
1233 1935 1234 1946 ¹

502 2075 618 2134 LXXV.
643 2070 804 2156 [LXXIX]
1184 2101 1233 2140 ro:

345 2177 372 2225 (l.
396 2176 536 2225 PLINIUS
560 2177 714 2225 TRAIANO
738 2177 964 2225 IMPERATORI.

110 2284 125 2332 1
210 2266 323 2352 Iulius,
340 2267 478 2351 domine,
493 2266 617 2353 Largus
637 2290 676 2332 ex
689 2267 795 2332 Ponto
813 2268 957 2332 nondum
975 2268 1055 2332 mihi
1072 2269 1168 2334 visus

146 2376 183 2421 ac
211 2379 253 2421 ne
283 2357 410 2421 auditus
443 2356 573 2441 quidem
605 2353 744 2443 (scilicet
772 2356 891 2422 iudicio
925 2360 982 2421 tuo
1014 2357 1167 2442 credidit)

146 2446 417 2530 dispensationem
450 2446 611 2529 quandam
642 2447 722 2510 mihi
755 2468 831 2531 erga
862 2450 896 2510 te
922 2447 1053 2531 pietatis
1084 2467 1168 2512 suaa

109 2552 125 2600 a
145 2535 423 2618 ministeriumque
438 2534 611 2599 mandavit.
635 2535 776 2620 Rogavit
795 2534 881 2599 enim
899 2538 1104 2619 testamento,
1127 2539 1167 2600 ut
1181 2563 1206 2602 rs

144 2623 355 2688 hereditatem
379 2645 469 2687 suam
489 2623 613 2688 adirem
636 2644 861 2708 cerneremque
884 2644 922 2688 ac
940 2623 1054 2688 deinde
1072 2647 1168 2708 prae
1230 2657 1231 2739 p

145 2713 246 2798 ceptis
270 2711 505 2798 quinquaginta
527 2712 659 2777 milibus
686 2734 854 2777 nummum
881 2713 1043 2797 reliquum
1067 2735 1167 2780 omne

144 2800 409 2866 Heracleotarum
439 2805 471 2865 et
493 2799 669 2866 Tianorum
697 2801 882 2866 civitatibus
904 2801 1085 2885 redderem,
1118 2804 1167 2868 ita

144 2894 182 2954 ut
201 2895 285 2956 esset
303 2890 429 2955 arbitrii
447 2890 519 2972 mei,
538 2893 647 2955 utrum
662 2911 758 2974 opere
770 2890 927 2974 facienda,
945 2913 1027 2975 quae
1045 2891 1165 2956 honori

145 2984 203 3044 tuo
228 2983 498 3061 consecrarentur,
520 2982 667 3064 putarem
691 3002 732 3043 an
750 2979 964 3044 instituendos
984 2980 1166 3064 quinquen·
1179 3006 1203 3046 ro

143 3070 235 3134 nales
258 3089 388 3154 agonas,
408 3068 464 3152 qui
483 3066 612 3132 ‘li-aioni
635 3069 881 3152 appellarentur.
914 3067 1009 3145 Quod
1025 3069 1062 3132 in
1079 3071 1166 3134 noti-

144 3158 226 3221 tiam
249 3161 338 3222 tuam
362 3155 587 3241 perferendum
611 3158 793 3222 existimavi
812 3158 854 3223 ob
872 3159 936 3222 hoc
953 3159 1105 3241 maxime,
1128 3163 1165 3223 ut

147 3245 329 3328 dispiceres,
352 3245 431 3329 quid
454 3245 571 3331 eligere
594 3247 735 3311 debeam.

221 3387 235 3434 '1
255 3397 285 3436 sc
298 3383 363 3437 add.
419 3387 435 3435 9
454 3383 555 3438 Deceb.
571 3386 640 3440 K.I.
701 3391 743 3440 14.
763 3386 870 3453 ΗΜ,
886 3385 988 3454 quibus
1002 3385 1162 3458 insignibus

149 3450 257 3574 dliiit'
269 3469 339 3562 pum
358 3451 422 3507 aliis
441 3453 543 3520 quibus
565 3471 622 3509 orn.
644 3458 779 3522 Memora,
804 3455 840 3510 ab
858 3456 903 3524 iis,
926 3457 1029 3527 quibus
1051 3455 1162 3514 locatur
1227 3481 1228 3525 p
