2480 3942
357 171 614 226 EPISTULARUM
633 177 781 234 roa-114.
1010 173 1073 236 IIII

65 336 120 418 qui
142 358 160 398 a
184 336 368 400 consoribus
395 336 590 422 legerentur,
618 336 785 401 dumtaxat
813 337 846 400 in
872 338 1075 420 paucissimis

65 425 246 488 ciuitatibus
269 424 356 488 aliud
379 426 450 490 aliis
473 425 567 489 iussit
589 425 714 492 inferre.
752 423 903 510 Superest
926 447 1016 511 ergo,
1039 429 1076 490 ut
1095 445 1110 490 3

64 515 132 597 ipse
160 513 322 597 dispicias,
354 537 395 578 an
422 515 457 578 in
484 515 633 579 omnibus
662 515 853 580 ciuitatibus¹
875 518 997 579 certum
1021 516 1076 578 ali·

66 601 143 686 quid
166 624 284 686 omnes,
308 604 364 686 qui
383 602 496 668 deinde
515 604 664 668 buleutae
682 605 838 690 legentur,
862 603 998 668 debeant
1015 625 1074 688 pro

39 693 199 758 aintroitu
230 692 312 757 dare.
357 691 456 776 Nam,
489 694 575 776 quod
604 694 638 756 in
669 696 859 777 perpetuum
890 715 1076 758 mansurum

64 784 121 862 est,
144 803 162 844 a
185 785 217 844 te
241 782 393 846 constitui
416 782 514 865 decet,
538 783 627 846 cuius
650 782 744 846 factis
768 782 925 865 dictisque
944 782 1078 846 debetur
1125 807 1128 812 ·

63 869 242 934 aeternitas.

374 1027 375 1032 a
437 981 541 1041 canu.
567 980 699 1058 [omn]

408 1083 579 1132 TRAIANUS
606 1084 734 1131 PLINIO.

24 1200 48 1238 10
130 1170 347 1237 Honorarium
367 1172 590 1242 decurionatus
614 1195 734 1257 omnes,
753 1174 809 1257 qui
829 1175 863 1236 in
886 1195 1012 1256 quaque
1036 1175 1077 1237 ci-

62 1262 164 1325 vitate
178 1260 351 1346 Bithyniae
370 1261 555 1327 decuriones
574 1263 665 1345 fiunt,
683 1263 800 1327 inferre
815 1262 951 1327 debeant
969 1283 1077 1345 necne,

62 1353 98 1414 in
120 1351 303 1414 universum
327 1373 346 1414 a
368 1373 420 1415 me
442 1373 509 1415 non
534 1354 642 1436 potest
669 1353 775 1416 statui.
821 1349 859 1415 Id
886 1371 962 1436 ergo
991 1351 1078 1435 quod

63 1461 189 1523 semper
218 1441 414 1504 tutissimum
446 1443 508 1523 est,
540 1441 733 1524 sequendam
762 1441 915 1523 cuiusque
939 1433 1076 1504 ciuitatis

63 1531 168 1614 legem
197 1533 277 1612 puto
305 1530 427 1593 scilicet
456 1529 611 1598 adversus
634 1552 698 1614 eos,
726 1532 782 1613 qui
804 1530 898 1593 inuiti
920 1530 1003 1592 fiunt
1026 1530 1078 1594 de-

24 1645 47 1683 15
64 1618 211 1706 curiones
236 1667 287 1682 ...
311 1618 343 1681 id
366 1619 514 1683 existimo
538 1622 675 1704 acturos,
698 1623 735 1683 ut
748 1619 771 1700 1·
788 1619 945 1703 praefatio
965 1620 1077 1683 ceteris

62 1706 270 1790 praeferatur.

451 1818 552 1878 cxIv.
579 1817 694 1896 [oxu]

265 1919 293 1966 ο.
316 1919 455 1974 PLINIUS
480 1920 632 1968 TRAIANO
657 1921 882 1969 IMPERAIOIII

131 2008 226 2094 Lege,
250 2008 387 2092 domine,
409 2008 572 2093 Pompeia,
594 2011 784 2094 permissum
799 2010 979 2094 Bithynicis
1004 2011 1111 2074 civi-1

21 2126 47 2164 20
63 2098 187 2163 tatibus
216 2097 395 2163 adscribere
425 2099 499 2177 sibi,
517 2121 612 2183 *quos
639 2100 772 2181 vellent,
805 2101 902 2183 cives,
935 2100 1009 2163 dum
1038 2121 1078 2164 ne

64 2209 163 2271 quem
187 2210 295 2252 earum
320 2189 495 2273 civitatum,
519 2211 600 2272 quae
623 2191 698 2252 sunt
716 2187 925 2272 inBithynia.
956 2187 1078 2252 ¹Eadem

61 2278 137 2362 lege
160 2278 314 2360 sancitur,
342 2278 458 2361 quibus
482 2277 520 2341 de
544 2279 646 2342 causis
675 2299 703 2340 e
716 2282 828 2341 senatu
851 2301 870 2340 a
892 2277 1077 2341 censoribus

61 2367 230 2430 eiciantur.
252 2363 331 2430 Inde
353 2389 404 2430 me
428 2366 556 2449 quidam
581 2389 620 2430 ex
644 2367 828 2430 censoribus
848 2366 1078 2430 consulendum
1098 2383 1112 2429 2

60 2458 269 2539 putaverunt,
291 2477 333 2518 an
355 2457 455 2520 eicere
479 2455 630 2520 deberent
653 2477 739 2537 eum,
764 2456 819 2538 qui
842 2459 925 2520 esset
948 2456 1078 2519 atterius

20 2572 45 2610 25
63 2545 215 2608 civitatis.
260 2543 342 2629 Ego,
365 2545 440 2627 quia
462 2544 515 2608 lex
543 2545 626 2608 sicut
648 2544 786 2608 adscribi
814 2546 915 2609 civem
939 2545 1078 2608 alienum
1098 2561 1113 2607 3

62 2633 205 2716 vetabat,
228 2634 274 2696 ita
296 2633 356 2696 eici
379 2655 396 2697 e
415 2636 527 2696 senatu
545 2634 587 2699 ob
607 2635 690 2697 hanc
708 2654 837 2697 causam
856 2654 919 2696 non
940 2634 1079 2714 iubebat,

59 2725 239 2806 praeterea,
255 2715 329 2803 quia
344 2743 365 2786 cI
384 2719 574 2805 quibusdam
594 2721 822 2786 adfirmabatur
841 2723 921 2787 mihi
938 2724 973 2786 in
991 2723 1079 2785 omni

61 2812 197 2874 civitate
218 2811 374 2894 plurimos
398 2832 467 2875 esse
489 2811 636 2876 buleutas
659 2834 699 2875 ex
722 2812 792 2875 aliis
816 2810 1008 2895 civitatibus,
1030 2812 1079 2874 fu-

60 2904 239 2982 turumque
262 2903 299 2963 ut
328 2901 423 2964 multi
445 2899 591 2964 homines
622 2902 805 2984 multaeque
833 2902 978 2965 civitates
1006 2920 1079 2963 con·

138 3127 295 3199 Ilegentur
304 3128 439 3196 Scbuefer,
447 3129 533 3195 IIII,
542 3128 675 3198 leguntur
684 3131 755 3199 culp.
793 3133 892 3197 14sqq.
903 3127 1078 3182 decuriones:

62 3200 95 3253 id
113 3200 197 3261 exist.
217 3203 284 3254 act:
306 3201 340 3253 ut
358 3199 484 3270 erogatio
498 3205 555 3254 cet.
574 3201 661 3269 praef.
683 3201 780 3256 Catari.
800 3217 826 3266 a,
846 3199 1016 3252 decuriones.
1036 3214 1079 3252 ce·

61 3274 143 3326 teros
162 3271 241 3326 exist.
261 3271 292 3324 id
306 3272 369 3337 act,
388 3275 421 3325 ut
439 3271 565 3339 erogatio
583 3271 672 3340 praef.
687 3271 822 3338 Selacosa,
841 3270 1012 3324 decuriones.
1032 3285 1079 3323 eos

61 3342 114 3410 qui
135 3358 219 3412 super
236 3341 396 3412 legitimum
414 3359 562 3396 numerum
584 3343 688 3397 adiecti
708 3345 780 3408 sunt,
803 3341 835 3394 id
858 3341 937 3396 exist.
961 3343 1025 3409 act,
1048 3344 1080 3395 ut

61 3412 158 3482 pretio
178 3414 245 3468 dato
265 3414 317 3468 cet.
339 3413 426 3482 praei.
446 3415 516 3468 corsi.
536 3415 573 3468 K.
656 3418 688 3466 II
713 3412 781 3482 quia
800 3429 816 3466 a
835 3411 1005 3481 quibusdam
1022 3411 1078 3466 adf.

60 3502 145 3611 mid
154 3485 256 3610 qulisbus
280 3483 337 3538 adi.
357 3487 397 3552 A,
421 3485 488 3552 quia
507 3484 543 3538 ab
564 3484 705 3554 aliquibus
726 3484 781 3538 adt'.
801 3503 832 3551 a,
856 3483 1079 3553 (111οᾶ111131-

60 3573 113 3611 roa
146 3597 162 3623 .‚
213 3598 219 3610 .
492 3579 495 3584 ⁴
