<?xml version="1.0" encoding="UTF-8"?>
<!DOCTYPE html PUBLIC "-//W3C//DTD XHTML 1.0 Transitional//EN"
    "http://www.w3.org/TR/xhtml1/DTD/xhtml1-transitional.dtd">
<html xmlns="http://www.w3.org/1999/xhtml" xml:lang="en" lang="en">
 <head>
  <title>
</title>
<meta http-equiv="Content-Type" content="text/html;charset=utf-8" />
  <meta name='ocr-system' content='tesseract 3.04.00' />
  <meta name='ocr-capabilities' content='ocr_page ocr_carea ocr_par ocr_line ocrx_word'/>
</head>
<body>
  <div class='ocr_page' id='page_1' title='image "./cplinicaecilise00mlgoog_0136.png"; bbox 0 0 2468 3938; ppageno 0'>
   <div class='ocr_carea' id='block_1_1' title="bbox 384 149 1086 220">
    <p class='ocr_par' dir='ltr' id='par_1_1' title="bbox 384 149 1086 220">
     <span class='ocr_line' id='line_1_1' title="bbox 384 149 1086 220; baseline 0.011 -12"><span class='ocrx_word' id='word_1_1' title='bbox 384 153 641 209; x_wconf 78' lang='lat' dir='ltr'>nrisronnnun</span> <span class='ocrx_word' id='word_1_2' title='bbox 659 153 685 210; x_wconf 87' lang='lat' dir='ltr'>v</span> <span class='ocrx_word' id='word_1_3' title='bbox 705 158 728 220; x_wconf 80' lang='lat' dir='ltr'>r,</span> <span class='ocrx_word' id='word_1_4' title='bbox 748 158 772 208; x_wconf 85' lang='lat' dir='ltr'>a.</span> <span class='ocrx_word' id='word_1_5' title='bbox 1023 149 1086 215; x_wconf 78' lang='lat'>125</span> 
     </span>
    </p>
   </div>
   <div class='ocr_carea' id='block_1_2' title="bbox 1 311 1195 3343">
    <p class='ocr_par' dir='ltr' id='par_1_2' title="bbox 1 311 1195 3343">
     <span class='ocr_line' id='line_1_2' title="bbox 75 311 1088 404; baseline -0.005 -20"><span class='ocrx_word' id='word_1_6' title='bbox 75 343 147 404; x_wconf 88' lang='lat' dir='ltr'>qua</span> <span class='ocrx_word' id='word_1_7' title='bbox 170 320 314 403; x_wconf 90' lang='lat' dir='ltr'>possim</span> <span class='ocrx_word' id='word_1_8' title='bbox 337 317 476 384; x_wconf 91' lang='lat' dir='ltr'>tollere</span> <span class='ocrx_word' id='word_1_9' title='bbox 498 317 638 402; x_wconf 81' lang='lat' dir='ltr'>hum0&#39;3</span> <span class='ocrx_word' id='word_1_10' title='bbox 661 317 694 380; x_wconf 94' lang='lat' dir='ltr'>id</span> <span class='ocrx_word' id='word_1_11' title='bbox 717 311 803 381; x_wconf 88' lang='lat' dir='ltr'>enim</span> <span class='ocrx_word' id='word_1_12' title='bbox 826 321 903 381; x_wconf 93' lang='lat' dir='ltr'>voto</span> <span class='ocrx_word' id='word_1_13' title='bbox 927 336 999 380; x_wconf 87' lang='lat' dir='ltr'>mco</span> <span class='ocrx_word' id='word_1_14' title='bbox 1023 313 1088 380; x_wconf 83' lang='lat' dir='ltr'>suf-</span> 
     </span>
     <span class='ocr_line' id='line_1_3' title="bbox 73 404 1088 493; baseline -0.004 -21"><span class='ocrx_word' id='word_1_15' title='bbox 73 409 155 493; x_wconf 91' lang='lat' dir='ltr'>ficit,</span> <span class='ocrx_word' id='word_1_16' title='bbox 178 408 260 473; x_wconf 92' lang='lat' dir='ltr'>illud</span> <span class='ocrx_word' id='word_1_17' title='bbox 284 429 380 492; x_wconf 90' lang='lat' dir='ltr'>supra</span> <span class='ocrx_word' id='word_1_18' title='bbox 402 411 515 472; x_wconf 87' lang='lat' dir='ltr'>votum</span> <span class='ocrx_word' id='word_1_19' title='bbox 538 407 756 489; x_wconf 79' lang='lat' dir='ltr'>‘victorque</span> <span class='ocrx_word' id='word_1_20' title='bbox 779 406 902 470; x_wconf 89' lang='lat' dir='ltr'>virum</span> <span class='ocrx_word' id='word_1_21' title='bbox 920 404 1088 469; x_wconf 88' lang='lat' dir='ltr'>volitare</span> 
     </span>
     <span class='ocr_line' id='line_1_4' title="bbox 74 492 1089 583; baseline -0.006 -20"><span class='ocrx_word' id='word_1_22' title='bbox 74 521 140 583; x_wconf 90' lang='lat' dir='ltr'>per</span> <span class='ocrx_word' id='word_1_23' title='bbox 163 498 249 563; x_wconf 89' lang='lat' dir='ltr'>ora’.</span> <span class='ocrx_word' id='word_1_24' title='bbox 269 535 313 546; x_wconf 88' lang='lat'>—</span> <span class='ocrx_word' id='word_1_25' title='bbox 337 495 580 580; x_wconf 77' lang='lat' dir='ltr'>‘Quamquam</span> <span class='ocrx_word' id='word_1_26' title='bbox 604 496 649 561; x_wconf 84' lang='lat' dir='ltr'>ol&#39;</span> <span class='ocrx_word' id='word_1_27' title='bbox 673 496 728 560; x_wconf 91' lang='lat' dir='ltr'>sed</span> <span class='ocrx_word' id='word_1_28' title='bbox 746 496 809 560; x_wconf 91' lang='lat' dir='ltr'>hoc</span> <span class='ocrx_word' id='word_1_29' title='bbox 828 496 906 559; x_wconf 89' lang='lat' dir='ltr'>satis</span> <span class='ocrx_word' id='word_1_30' title='bbox 925 499 985 578; x_wconf 88' lang='lat' dir='ltr'>est,</span> <span class='ocrx_word' id='word_1_31' title='bbox 1001 492 1089 577; x_wconf 92' lang='lat' dir='ltr'>quod</span> 
     </span>
     <span class='ocr_line' id='line_1_5' title="bbox 74 582 1141 672; baseline -0.006 -19"><span class='ocrx_word' id='word_1_32' title='bbox 74 609 175 672; x_wconf 89' lang='lat' dir='ltr'>prope</span> <span class='ocrx_word' id='word_1_33' title='bbox 199 588 268 652; x_wconf 88' lang='lat' dir='ltr'>sola</span> <span class='ocrx_word' id='word_1_34' title='bbox 290 587 425 651; x_wconf 89' lang='lat' dir='ltr'>historia</span> <span class='ocrx_word' id='word_1_35' title='bbox 453 585 600 671; x_wconf 76' lang='lat' dir='ltr'>polliceri</span> <span class='ocrx_word' id='word_1_36' title='bbox 631 585 767 650; x_wconf 87' lang='lat' dir='ltr'>videtur.</span> <span class='ocrx_word' id='word_1_37' title='bbox 822 582 970 650; x_wconf 77' lang='lat' dir='ltr'>Orationi</span> <span class='ocrx_word' id='word_1_38' title='bbox 1001 583 1088 648; x_wconf 87' lang='lat' dir='ltr'>anim</span> <span class='ocrx_word' id='word_1_39' title='bbox 1119 599 1141 647; x_wconf 51' lang='lat'>¹4</span> 
     </span>
     <span class='ocr_line' id='line_1_6' title="bbox 50 673 1088 761; baseline -0.011 -15"><span class='ocrx_word' id='word_1_40' title='bbox 50 681 107 746; x_wconf 85' lang='lat' dir='ltr'>set</span> <span class='ocrx_word' id='word_1_41' title='bbox 130 677 266 742; x_wconf 88' lang='lat' dir='ltr'>carmini</span> <span class='ocrx_word' id='word_1_42' title='bbox 288 698 386 759; x_wconf 90' lang='lat' dir='ltr'>parva</span> <span class='ocrx_word' id='word_1_43' title='bbox 414 677 530 761; x_wconf 83' lang='lat' dir='ltr'>gratia,</span> <span class='ocrx_word' id='word_1_44' title='bbox 562 675 626 740; x_wconf 90' lang='lat' dir='ltr'>nisi</span> <span class='ocrx_word' id='word_1_45' title='bbox 658 673 842 758; x_wconf 80' lang='lat' dir='ltr'>eloquentia</span> <span class='ocrx_word' id='word_1_46' title='bbox 873 678 922 738; x_wconf 85' lang='lat' dir='ltr'>est</span> <span class='ocrx_word' id='word_1_47' title='bbox 954 694 1088 754; x_wconf 87' lang='lat' dir='ltr'>summa,</span> 
     </span>
     <span class='ocr_line' id='line_1_7' title="bbox 74 761 1089 850; baseline -0.006 -20"><span class='ocrx_word' id='word_1_48' title='bbox 74 767 210 831; x_wconf 86' lang='lat' dir='ltr'>historia</span> <span class='ocrx_word' id='word_1_49' title='bbox 234 785 363 850; x_wconf 92' lang='lat' dir='ltr'>quoquo</span> <span class='ocrx_word' id='word_1_50' title='bbox 387 763 483 838; x_wconf 88' lang='lat' dir='ltr'>modo</span> <span class='ocrx_word' id='word_1_51' title='bbox 508 765 628 848; x_wconf 75' lang='lat' dir='ltr'>scripio</span> <span class='ocrx_word' id='word_1_52' title='bbox 646 764 792 829; x_wconf 87' lang='lat' dir='ltr'>delectat.</span> <span class='ocrx_word' id='word_1_53' title='bbox 825 762 908 828; x_wconf 83' lang='lat' dir='ltr'>Sunt</span> <span class='ocrx_word' id='word_1_54' title='bbox 926 763 1013 827; x_wconf 90' lang='lat' dir='ltr'>enim</span> <span class='ocrx_word' id='word_1_55' title='bbox 1031 761 1089 824; x_wconf 90' lang='lat' dir='ltr'>bo-</span> 
     </span>
     <span class='ocr_line' id='line_1_8' title="bbox 75 848 1087 936; baseline -0.006 -15"><span class='ocrx_word' id='word_1_56' title='bbox 75 856 178 920; x_wconf 88' lang='lat' dir='ltr'>miues</span> <span class='ocrx_word' id='word_1_57' title='bbox 200 859 316 920; x_wconf 85' lang='lat' dir='ltr'>natura</span> <span class='ocrx_word' id='word_1_58' title='bbox 338 854 457 920; x_wconf 88' lang='lat' dir='ltr'>curiosi</span> <span class='ocrx_word' id='word_1_59' title='bbox 480 857 513 918; x_wconf 93' lang='lat' dir='ltr'>et</span> <span class='ocrx_word' id='word_1_60' title='bbox 537 853 716 936; x_wconf 88' lang='lat' dir='ltr'>quamlibet</span> <span class='ocrx_word' id='word_1_61' title='bbox 738 848 825 917; x_wconf 88' lang='lat' dir='ltr'>nuda</span> <span class='ocrx_word' id='word_1_62' title='bbox 846 873 954 917; x_wconf 88' lang='lat' dir='ltr'>rerum</span> <span class='ocrx_word' id='word_1_63' title='bbox 977 850 1087 936; x_wconf 81' lang='lat' dir='ltr'>cogni-</span> 
     </span>
     <span class='ocr_line' id='line_1_9' title="bbox 74 941 1089 1028; baseline -0.005 -19"><span class='ocrx_word' id='word_1_64' title='bbox 74 946 163 1009; x_wconf 91' lang='lat' dir='ltr'>tione</span> <span class='ocrx_word' id='word_1_65' title='bbox 188 945 370 1028; x_wconf 91' lang='lat' dir='ltr'>capiuntur,</span> <span class='ocrx_word' id='word_1_66' title='bbox 398 947 435 1006; x_wconf 89' lang='lat' dir='ltr'>ut</span> <span class='ocrx_word' id='word_1_67' title='bbox 458 944 514 1026; x_wconf 90' lang='lat' dir='ltr'>qui</span> <span class='ocrx_word' id='word_1_68' title='bbox 538 942 749 1008; x_wconf 81' lang='lat' dir='ltr'>sermunculis</span> <span class='ocrx_word' id='word_1_69' title='bbox 777 943 874 1006; x_wconf 91' lang='lat' dir='ltr'>etiam</span> <span class='ocrx_word' id='word_1_70' title='bbox 897 941 1089 1023; x_wconf 78' lang='lat' dir='ltr'>fabellisque</span> 
     </span>
     <span class='ocr_line' id='line_1_10' title="bbox 76 1027 1090 1115; baseline -0.005 -18"><span class='ocrx_word' id='word_1_71' title='bbox 76 1033 242 1099; x_wconf 90' lang='lat' dir='ltr'>ducantur.</span> <span class='ocrx_word' id='word_1_72' title='bbox 288 1031 341 1096; x_wconf 86' lang='lat' dir='ltr'>Ma</span> <span class='ocrx_word' id='word_1_73' title='bbox 363 1054 439 1096; x_wconf 87' lang='lat' dir='ltr'>vero</span> <span class='ocrx_word' id='word_1_74' title='bbox 463 1032 503 1096; x_wconf 90' lang='lat' dir='ltr'>ad</span> <span class='ocrx_word' id='word_1_75' title='bbox 525 1032 589 1097; x_wconf 92' lang='lat' dir='ltr'>boc</span> <span class='ocrx_word' id='word_1_76' title='bbox 612 1032 755 1096; x_wconf 90' lang='lat' dir='ltr'>studium</span> <span class='ocrx_word' id='word_1_77' title='bbox 777 1031 918 1115; x_wconf 75' lang='lat' dir='ltr'>impellit</span> <span class='ocrx_word' id='word_1_78' title='bbox 940 1027 1090 1094; x_wconf 87' lang='lat' dir='ltr'>domesti-</span> 
     </span>
     <span class='ocr_line' id='line_1_11' title="bbox 38 1119 1143 1206; baseline -0.009 -15"><span class='ocrx_word' id='word_1_79' title='bbox 38 1152 63 1192; x_wconf 80' lang='grc' dir='ltr'>ιο</span> <span class='ocrx_word' id='word_1_80' title='bbox 76 1145 150 1187; x_wconf 89' lang='lat' dir='ltr'>cum</span> <span class='ocrx_word' id='word_1_81' title='bbox 175 1143 303 1205; x_wconf 90' lang='lat' dir='ltr'>quoque</span> <span class='ocrx_word' id='word_1_82' title='bbox 322 1123 514 1206; x_wconf 84' lang='lat' dir='ltr'>exemplum.</span> <span class='ocrx_word' id='word_1_83' title='bbox 552 1119 739 1186; x_wconf 75' lang='lat' dir='ltr'>Avunculus</span> <span class='ocrx_word' id='word_1_84' title='bbox 757 1142 847 1184; x_wconf 90' lang='lat' dir='ltr'>meus</span> <span class='ocrx_word' id='word_1_85' title='bbox 865 1120 1015 1202; x_wconf 91' lang='lat' dir='ltr'>idemque</span> <span class='ocrx_word' id='word_1_86' title='bbox 1032 1138 1091 1201; x_wconf 86' lang='lat' dir='ltr'>per</span> <span class='ocrx_word' id='word_1_87' title='bbox 1127 1132 1143 1182; x_wconf 82' lang='lat'><strong>5</strong></span> 
     </span>
     <span class='ocr_line' id='line_1_12' title="bbox 1 1207 1090 1296; baseline -0.007 -19"><span class='ocrx_word' id='word_1_88' title='bbox 1 1249 5 1286; x_wconf 53' lang='lat' dir='ltr'>l</span> <span class='ocrx_word' id='word_1_89' title='bbox 76 1212 283 1296; x_wconf 89' lang='lat' dir='ltr'>adoptionem</span> <span class='ocrx_word' id='word_1_90' title='bbox 314 1215 407 1294; x_wconf 89' lang='lat' dir='ltr'>pater</span> <span class='ocrx_word' id='word_1_91' title='bbox 437 1211 589 1275; x_wconf 84' lang='lat' dir='ltr'>historias</span> <span class='ocrx_word' id='word_1_92' title='bbox 622 1214 655 1275; x_wconf 89' lang='lat' dir='ltr'>et</span> <span class='ocrx_word' id='word_1_93' title='bbox 687 1209 816 1294; x_wconf 85' lang='lat' dir='ltr'>quidem</span> <span class='ocrx_word' id='word_1_94' title='bbox 848 1207 1090 1294; x_wconf 80' lang='lat' dir='ltr'>religiosissime</span> 
     </span>
     <span class='ocr_line' id='line_1_13' title="bbox 76 1297 1091 1385; baseline -0.008 -19"><span class='ocrx_word' id='word_1_95' title='bbox 76 1302 215 1385; x_wconf 88' lang='lat' dir='ltr'>scripsit.</span> <span class='ocrx_word' id='word_1_96' title='bbox 251 1297 385 1364; x_wconf 81' lang='lat' dir='ltr'>Invenio</span> <span class='ocrx_word' id='word_1_97' title='bbox 409 1303 517 1364; x_wconf 89' lang='lat' dir='ltr'>autem</span> <span class='ocrx_word' id='word_1_98' title='bbox 540 1299 625 1384; x_wconf 89' lang='lat' dir='ltr'>apud</span> <span class='ocrx_word' id='word_1_99' title='bbox 650 1300 803 1384; x_wconf 89' lang='lat' dir='ltr'>sapientis</span> <span class='ocrx_word' id='word_1_100' title='bbox 827 1297 1091 1362; x_wconf 89' lang='lat' dir='ltr'>honestissimum</span> 
     </span>
     <span class='ocr_line' id='line_1_14' title="bbox 77 1385 1091 1475; baseline -0.007 -20"><span class='ocrx_word' id='word_1_101' title='bbox 77 1413 145 1455; x_wconf 85' lang='lat' dir='ltr'>esse</span> <span class='ocrx_word' id='word_1_102' title='bbox 178 1391 336 1454; x_wconf 89' lang='lat' dir='ltr'>maiorum</span> <span class='ocrx_word' id='word_1_103' title='bbox 366 1390 504 1475; x_wconf 81' lang='lat' dir='ltr'>vestigia</span> <span class='ocrx_word' id='word_1_104' title='bbox 536 1389 635 1472; x_wconf 87' lang='lat' dir='ltr'>sequi,</span> <span class='ocrx_word' id='word_1_105' title='bbox 668 1389 696 1452; x_wconf 88' lang='lat' dir='ltr'>si</span> <span class='ocrx_word' id='word_1_106' title='bbox 728 1388 824 1452; x_wconf 91' lang='lat' dir='ltr'>modo</span> <span class='ocrx_word' id='word_1_107' title='bbox 857 1391 944 1451; x_wconf 91' lang='lat' dir='ltr'>recto</span> <span class='ocrx_word' id='word_1_108' title='bbox 976 1385 1091 1450; x_wconf 90' lang='lat' dir='ltr'>itinere</span> 
     </span>
     <span class='ocr_line' id='line_1_15' title="bbox 1 1475 1092 1575; baseline -0.005 -31"><span class='ocrx_word' id='word_1_109' title='bbox 1 1556 4 1575; x_wconf 46' lang='lat'>,</span> <span class='ocrx_word' id='word_1_110' title='bbox 76 1479 315 1564; x_wconf 85' lang='lat' dir='ltr'>praecesserint.</span> <span class='ocrx_word' id='word_1_111' title='bbox 358 1475 423 1542; x_wconf 78' lang='lat' dir='ltr'>Gur</span> <span class='ocrx_word' id='word_1_112' title='bbox 445 1499 521 1564; x_wconf 79' lang='lat' dir='ltr'>ergo</span> <span class='ocrx_word' id='word_1_113' title='bbox 546 1479 701 1543; x_wconf 78' lang='lat' dir='ltr'>cunctor?</span> <span class='ocrx_word' id='word_1_114' title='bbox 724 1477 788 1563; x_wconf 76' lang='lat' dir='ltr'>Egi</span> <span class='ocrx_word' id='word_1_115' title='bbox 811 1497 943 1562; x_wconf 81' lang='lat' dir='ltr'>magnas</span> <span class='ocrx_word' id='word_1_116' title='bbox 967 1479 999 1539; x_wconf 88' lang='lat' dir='ltr'>et</span> <span class='ocrx_word' id='word_1_117' title='bbox 1023 1495 1092 1560; x_wconf 76' lang='lat' dir='ltr'>gra-</span> 
     </span>
     <span class='ocr_line' id='line_1_16' title="bbox 39 1565 1145 1650; baseline -0.009 -12"><span class='ocrx_word' id='word_1_118' title='bbox 39 1597 64 1637; x_wconf 80' lang='lat' dir='ltr'>n</span> <span class='ocrx_word' id='word_1_119' title='bbox 76 1589 132 1634; x_wconf 90' lang='lat' dir='ltr'>ves</span> <span class='ocrx_word' id='word_1_120' title='bbox 163 1589 283 1633; x_wconf 86' lang='lat' dir='ltr'>causas.</span> <span class='ocrx_word' id='word_1_121' title='bbox 328 1566 411 1650; x_wconf 87' lang='lat' dir='ltr'>Has,</span> <span class='ocrx_word' id='word_1_122' title='bbox 443 1568 570 1632; x_wconf 89' lang='lat' dir='ltr'>etiamsi</span> <span class='ocrx_word' id='word_1_123' title='bbox 602 1567 684 1632; x_wconf 91' lang='lat' dir='ltr'>mihi</span> <span class='ocrx_word' id='word_1_124' title='bbox 716 1567 821 1633; x_wconf 88' lang='lat' dir='ltr'>tenuis</span> <span class='ocrx_word' id='word_1_125' title='bbox 854 1587 894 1629; x_wconf 85' lang='lat' dir='ltr'>ex</span> <span class='ocrx_word' id='word_1_126' title='bbox 925 1565 976 1629; x_wconf 92' lang='lat' dir='ltr'>bis</span> <span class='ocrx_word' id='word_1_127' title='bbox 1009 1585 1092 1647; x_wconf 87' lang='lat' dir='ltr'>spes,</span> <span class='ocrx_word' id='word_1_128' title='bbox 1130 1579 1145 1628; x_wconf 82' lang='lat' dir='ltr'>o</span> 
     </span>
     <span class='ocr_line' id='line_1_17' title="bbox 1 1654 1093 1740; baseline -0.009 -14"><span class='ocrx_word' id='word_1_129' title='bbox 1 1715 2 1726; x_wconf 67' lang='grc'>,</span> <span class='ocrx_word' id='word_1_130' title='bbox 78 1657 204 1722; x_wconf 87' lang='lat' dir='ltr'>destino</span> <span class='ocrx_word' id='word_1_131' title='bbox 228 1660 409 1740; x_wconf 84' lang='lat' dir='ltr'>retractare,</span> <span class='ocrx_word' id='word_1_132' title='bbox 432 1679 472 1721; x_wconf 87' lang='lat' dir='ltr'>ne</span> <span class='ocrx_word' id='word_1_133' title='bbox 495 1661 604 1722; x_wconf 87' lang='lat' dir='ltr'>tantus</span> <span class='ocrx_word' id='word_1_134' title='bbox 628 1657 684 1720; x_wconf 92' lang='lat' dir='ltr'>ille</span> <span class='ocrx_word' id='word_1_135' title='bbox 706 1657 799 1720; x_wconf 90' lang='lat' dir='ltr'>labor</span> <span class='ocrx_word' id='word_1_136' title='bbox 817 1677 916 1738; x_wconf 90' lang='lat' dir='ltr'>meus,</span> <span class='ocrx_word' id='word_1_137' title='bbox 939 1654 1003 1718; x_wconf 88' lang='lat' dir='ltr'>nisi</span> <span class='ocrx_word' id='word_1_138' title='bbox 1021 1654 1093 1737; x_wconf 86' lang='lat' dir='ltr'>hoc,</span> 
     </span>
     <span class='ocr_line' id='line_1_18' title="bbox 78 1743 1094 1830; baseline -0.004 -20"><span class='ocrx_word' id='word_1_139' title='bbox 78 1744 166 1830; x_wconf 92' lang='lat' dir='ltr'>quod</span> <span class='ocrx_word' id='word_1_140' title='bbox 183 1745 343 1830; x_wconf 87' lang='lat' dir='ltr'>reliquum</span> <span class='ocrx_word' id='word_1_141' title='bbox 367 1750 416 1810; x_wconf 87' lang='lat' dir='ltr'>cst</span> <span class='ocrx_word' id='word_1_142' title='bbox 435 1745 547 1830; x_wconf 90' lang='lat' dir='ltr'>studii,</span> <span class='ocrx_word' id='word_1_143' title='bbox 570 1746 731 1828; x_wconf 85' lang='lat' dir='ltr'>addidero,</span> <span class='ocrx_word' id='word_1_144' title='bbox 754 1767 880 1810; x_wconf 90' lang='lat' dir='ltr'>mecum</span> <span class='ocrx_word' id='word_1_145' title='bbox 903 1743 1024 1828; x_wconf 89' lang='lat' dir='ltr'>pariter</span> <span class='ocrx_word' id='word_1_146' title='bbox 1046 1743 1094 1806; x_wconf 90' lang='lat' dir='ltr'>in-</span> 
     </span>
     <span class='ocr_line' id='line_1_19' title="bbox 1 1831 1146 1919; baseline -0.005 -19"><span class='ocrx_word' id='word_1_147' title='bbox 1 1841 6 1908; x_wconf 64' lang='lat'><em>}</em></span> <span class='ocrx_word' id='word_1_148' title='bbox 78 1835 224 1900; x_wconf 90' lang='lat' dir='ltr'>tercidat.</span> <span class='ocrx_word' id='word_1_149' title='bbox 269 1833 368 1918; x_wconf 89' lang='lat' dir='ltr'>Nam,</span> <span class='ocrx_word' id='word_1_150' title='bbox 392 1836 419 1899; x_wconf 91' lang='lat' dir='ltr'>si</span> <span class='ocrx_word' id='word_1_151' title='bbox 441 1837 599 1900; x_wconf 88' lang='lat' dir='ltr'>rationem</span> <span class='ocrx_word' id='word_1_152' title='bbox 622 1834 821 1919; x_wconf 86' lang='lat' dir='ltr'>posteritatis</span> <span class='ocrx_word' id='word_1_153' title='bbox 845 1834 979 1916; x_wconf 83' lang='lat' dir='ltr'>habeas,</span> <span class='ocrx_word' id='word_1_154' title='bbox 1003 1831 1093 1915; x_wconf 89' lang='lat' dir='ltr'>quid·</span> <span class='ocrx_word' id='word_1_155' title='bbox 1132 1847 1146 1895; x_wconf 77' lang='grc'><strong>7</strong></span> 
     </span>
     <span class='ocr_line' id='line_1_20' title="bbox 1 1921 1094 2009; baseline -0.006 -19"><span class='ocrx_word' id='word_1_156' title='bbox 1 2003 2 2008; x_wconf 12' lang='lat'>¹</span> <span class='ocrx_word' id='word_1_157' title='bbox 79 1923 157 2009; x_wconf 90' lang='lat' dir='ltr'>quid</span> <span class='ocrx_word' id='word_1_158' title='bbox 176 1945 243 1987; x_wconf 91' lang='lat' dir='ltr'>non</span> <span class='ocrx_word' id='word_1_159' title='bbox 265 1928 314 1988; x_wconf 86' lang='lat' dir='ltr'>est</span> <span class='ocrx_word' id='word_1_160' title='bbox 336 1929 512 2008; x_wconf 87' lang='lat' dir='ltr'>peractum,</span> <span class='ocrx_word' id='word_1_161' title='bbox 534 1947 593 2008; x_wconf 92' lang='lat' dir='ltr'>pro</span> <span class='ocrx_word' id='word_1_162' title='bbox 616 1946 682 1988; x_wconf 90' lang='lat' dir='ltr'>non</span> <span class='ocrx_word' id='word_1_163' title='bbox 705 1924 856 1990; x_wconf 90' lang='lat' dir='ltr'>inchoato</span> <span class='ocrx_word' id='word_1_164' title='bbox 881 1927 937 1986; x_wconf 89' lang='lat' dir='ltr'>est.</span> <span class='ocrx_word' id='word_1_165' title='bbox 982 1921 1094 1984; x_wconf 86' lang='lat' dir='ltr'>Dices:</span> 
     </span>
     <span class='ocr_line' id='line_1_21' title="bbox 43 2009 1095 2096; baseline -0.009 -15"><span class='ocrx_word' id='word_1_166' title='bbox 43 2043 67 2081; x_wconf 80' lang='lat' dir='ltr'>a</span> <span class='ocrx_word' id='word_1_167' title='bbox 80 2014 191 2078; x_wconf 76' lang='lat' dir='ltr'>‘Potes</span> <span class='ocrx_word' id='word_1_168' title='bbox 219 2013 317 2078; x_wconf 91' lang='lat' dir='ltr'>simul</span> <span class='ocrx_word' id='word_1_169' title='bbox 344 2017 378 2078; x_wconf 95' lang='lat' dir='ltr'>et</span> <span class='ocrx_word' id='word_1_170' title='bbox 398 2014 572 2079; x_wconf 86' lang='lat' dir='ltr'>rescribere</span> <span class='ocrx_word' id='word_1_171' title='bbox 601 2015 743 2079; x_wconf 87' lang='lat' dir='ltr'>actiones</span> <span class='ocrx_word' id='word_1_172' title='bbox 772 2017 805 2077; x_wconf 88' lang='lat' dir='ltr'>et</span> <span class='ocrx_word' id='word_1_173' title='bbox 832 2032 1024 2096; x_wconf 87' lang='lat' dir='ltr'>componere</span> <span class='ocrx_word' id='word_1_174' title='bbox 1047 2009 1095 2072; x_wconf 91' lang='lat' dir='ltr'>bi-</span> 
     </span>
     <span class='ocr_line' id='line_1_22' title="bbox 81 2101 1097 2186; baseline -0.006 -18"><span class='ocrx_word' id='word_1_175' title='bbox 81 2102 235 2168; x_wconf 67' lang='lat' dir='ltr'>sunam?</span> <span class='ocrx_word' id='word_1_176' title='bbox 268 2101 415 2167; x_wconf 88' lang='lat' dir='ltr'>Utinaml</span> <span class='ocrx_word' id='word_1_177' title='bbox 438 2103 494 2167; x_wconf 92' lang='lat' dir='ltr'>sed</span> <span class='ocrx_word' id='word_1_178' title='bbox 515 2107 688 2186; x_wconf 89' lang='lat' dir='ltr'>utrumque</span> <span class='ocrx_word' id='word_1_179' title='bbox 711 2107 779 2166; x_wconf 91' lang='lat' dir='ltr'>tam</span> <span class='ocrx_word' id='word_1_180' title='bbox 802 2122 955 2186; x_wconf 78' lang='lat' dir='ltr'>magnum</span> <span class='ocrx_word' id='word_1_181' title='bbox 979 2103 1036 2181; x_wconf 87' lang='lat' dir='ltr'>est,</span> <span class='ocrx_word' id='word_1_182' title='bbox 1059 2101 1097 2162; x_wconf 94' lang='lat' dir='ltr'>ut</span> 
     </span>
     <span class='ocr_line' id='line_1_23' title="bbox 78 2189 1148 2257; baseline -0.005 -1"><span class='ocrx_word' id='word_1_183' title='bbox 78 2191 205 2257; x_wconf 88' lang='lat' dir='ltr'>abunde</span> <span class='ocrx_word' id='word_1_184' title='bbox 236 2191 279 2256; x_wconf 92' lang='lat' dir='ltr'>sit</span> <span class='ocrx_word' id='word_1_185' title='bbox 305 2192 442 2256; x_wconf 90' lang='lat' dir='ltr'>alterum</span> <span class='ocrx_word' id='word_1_186' title='bbox 473 2192 607 2256; x_wconf 84' lang='lat' dir='ltr'>efficere.</span> <span class='ocrx_word' id='word_1_187' title='bbox 653 2190 945 2256; x_wconf 81' lang='lat' dir='ltr'>Unodevicensimo</span> <span class='ocrx_word' id='word_1_188' title='bbox 980 2189 1095 2253; x_wconf 89' lang='lat' dir='ltr'>aetatis</span> <span class='ocrx_word' id='word_1_189' title='bbox 1133 2203 1148 2251; x_wconf 87' lang='lat'><strong>8</strong></span> 
     </span>
     <span class='ocr_line' id='line_1_24' title="bbox 1 2278 1096 2370; baseline -0.005 -24"><span class='ocrx_word' id='word_1_190' title='bbox 1 2309 2 2370; x_wconf 30' lang='grc' dir='ltr'>ζ</span> <span class='ocrx_word' id='word_1_191' title='bbox 79 2303 164 2346; x_wconf 89' lang='lat' dir='ltr'>anno</span> <span class='ocrx_word' id='word_1_192' title='bbox 188 2281 292 2344; x_wconf 87' lang='lat' dir='ltr'>dicere</span> <span class='ocrx_word' id='word_1_193' title='bbox 315 2282 349 2345; x_wconf 92' lang='lat' dir='ltr'>in</span> <span class='ocrx_word' id='word_1_194' title='bbox 371 2281 443 2344; x_wconf 88' lang='lat' dir='ltr'>foro</span> <span class='ocrx_word' id='word_1_195' title='bbox 468 2283 559 2364; x_wconf 90' lang='lat' dir='ltr'>coepi</span> <span class='ocrx_word' id='word_1_196' title='bbox 583 2285 615 2346; x_wconf 93' lang='lat' dir='ltr'>et</span> <span class='ocrx_word' id='word_1_197' title='bbox 637 2301 724 2345; x_wconf 90' lang='lat' dir='ltr'>nuno</span> <span class='ocrx_word' id='word_1_198' title='bbox 747 2280 885 2362; x_wconf 90' lang='lat' dir='ltr'>demum,</span> <span class='ocrx_word' id='word_1_199' title='bbox 909 2278 987 2362; x_wconf 90' lang='lat' dir='ltr'>quid</span> <span class='ocrx_word' id='word_1_200' title='bbox 1006 2299 1096 2361; x_wconf 87' lang='lat' dir='ltr'>prac-</span> 
     </span>
     <span class='ocr_line' id='line_1_25' title="bbox 1 2368 1095 2470; baseline -0.006 -33"><span class='ocrx_word' id='word_1_201' title='bbox 1 2385 4 2470; x_wconf 64' lang='lat'>¹,</span> <span class='ocrx_word' id='word_1_202' title='bbox 79 2375 165 2437; x_wconf 82' lang='lat' dir='ltr'>stare</span> <span class='ocrx_word' id='word_1_203' title='bbox 188 2369 302 2434; x_wconf 83' lang='lat' dir='ltr'>debeat</span> <span class='ocrx_word' id='word_1_204' title='bbox 325 2374 442 2452; x_wconf 85' lang='lat' dir='ltr'>orator,</span> <span class='ocrx_word' id='word_1_205' title='bbox 464 2369 569 2434; x_wconf 87' lang='lat' dir='ltr'>adhuc</span> <span class='ocrx_word' id='word_1_206' title='bbox 586 2374 696 2434; x_wconf 88' lang='lat' dir='ltr'>tamen</span> <span class='ocrx_word' id='word_1_207' title='bbox 717 2391 775 2453; x_wconf 92' lang='lat' dir='ltr'>per</span> <span class='ocrx_word' id='word_1_208' title='bbox 798 2368 969 2454; x_wconf 79' lang='lat' dir='ltr'>caliginem</span> <span class='ocrx_word' id='word_1_209' title='bbox 992 2368 1095 2432; x_wconf 91' lang='lat' dir='ltr'>video.</span> 
     </span>
     <span class='ocr_line' id='line_1_26' title="bbox 1 2455 1195 2542; baseline -0.005 -18"><span class='ocrx_word' id='word_1_210' title='bbox 1 2475 2 2486; x_wconf 61' lang='lat'>¹</span> <span class='ocrx_word' id='word_1_211' title='bbox 44 2487 67 2526; x_wconf 78' lang='lat' dir='ltr'>ss</span> <span class='ocrx_word' id='word_1_212' title='bbox 80 2459 174 2542; x_wconf 85' lang='lat' dir='ltr'>Quid,</span> <span class='ocrx_word' id='word_1_213' title='bbox 197 2459 226 2522; x_wconf 87' lang='lat' dir='ltr'>si</span> <span class='ocrx_word' id='word_1_214' title='bbox 247 2458 324 2523; x_wconf 90' lang='lat' dir='ltr'>huic</span> <span class='ocrx_word' id='word_1_215' title='bbox 347 2460 437 2523; x_wconf 92' lang='lat' dir='ltr'>oneri</span> <span class='ocrx_word' id='word_1_216' title='bbox 459 2480 581 2523; x_wconf 89' lang='lat' dir='ltr'>novum</span> <span class='ocrx_word' id='word_1_217' title='bbox 604 2458 793 2524; x_wconf 85' lang='lat' dir='ltr'>accesserit?</span> <span class='ocrx_word' id='word_1_218' title='bbox 832 2456 941 2521; x_wconf 86' lang='lat' dir='ltr'>Habet</span> <span class='ocrx_word' id='word_1_219' title='bbox 964 2455 1094 2539; x_wconf 87' lang='lat' dir='ltr'>quidem</span> <span class='ocrx_word' id='word_1_220' title='bbox 1132 2470 1147 2518; x_wconf 81' lang='lat' dir='ltr'>a</span> <span class='ocrx_word' id='word_1_221' title='bbox 1194 2505 1195 2511; x_wconf 13' lang='grc' dir='ltr'><strong>κ</strong></span> 
     </span>
     <span class='ocr_line' id='line_1_27' title="bbox 1 2539 1096 2632; baseline -0.007 -17"><span class='ocrx_word' id='word_1_222' title='bbox 1 2539 2 2632; x_wconf 47' lang='lat' dir='ltr'>l</span> <span class='ocrx_word' id='word_1_223' title='bbox 79 2549 184 2614; x_wconf 89' lang='lat' dir='ltr'>oratio</span> <span class='ocrx_word' id='word_1_224' title='bbox 208 2550 240 2611; x_wconf 88' lang='lat' dir='ltr'>ot</span> <span class='ocrx_word' id='word_1_225' title='bbox 262 2547 397 2612; x_wconf 85' lang='lat' dir='ltr'>historia</span> <span class='ocrx_word' id='word_1_226' title='bbox 420 2548 524 2612; x_wconf 88' lang='lat' dir='ltr'>multa</span> <span class='ocrx_word' id='word_1_227' title='bbox 546 2548 743 2630; x_wconf 87' lang='lat' dir='ltr'>communia,</span> <span class='ocrx_word' id='word_1_228' title='bbox 770 2547 826 2611; x_wconf 89' lang='lat' dir='ltr'>sed</span> <span class='ocrx_word' id='word_1_229' title='bbox 853 2547 947 2631; x_wconf 89' lang='lat' dir='ltr'>plura</span> <span class='ocrx_word' id='word_1_230' title='bbox 971 2544 1096 2609; x_wconf 84' lang='lat' dir='ltr'>diversa</span> 
     </span>
     <span class='ocr_line' id='line_1_28' title="bbox 1 2633 1095 2721; baseline -0.006 -18"><span class='ocrx_word' id='word_1_231' title='bbox 1 2665 2 2718; x_wconf 66' lang='lat' dir='ltr'>l</span> <span class='ocrx_word' id='word_1_232' title='bbox 78 2640 112 2703; x_wconf 91' lang='lat' dir='ltr'>in</span> <span class='ocrx_word' id='word_1_233' title='bbox 130 2638 183 2702; x_wconf 93' lang='lat' dir='ltr'>his</span> <span class='ocrx_word' id='word_1_234' title='bbox 202 2637 291 2720; x_wconf 82' lang='lat' dir='ltr'>iprsi,</span> <span class='ocrx_word' id='word_1_235' title='bbox 310 2659 392 2721; x_wconf 88' lang='lat' dir='ltr'>quae</span> <span class='ocrx_word' id='word_1_236' title='bbox 412 2638 595 2701; x_wconf 87' lang='lat' dir='ltr'>communia</span> <span class='ocrx_word' id='word_1_237' title='bbox 612 2637 769 2701; x_wconf 88' lang='lat' dir='ltr'>videntur.</span> <span class='ocrx_word' id='word_1_238' title='bbox 801 2633 921 2699; x_wconf 87' lang='lat' dir='ltr'>Narrat</span> <span class='ocrx_word' id='word_1_239' title='bbox 939 2635 1005 2716; x_wconf 91' lang='lat' dir='ltr'>illa,</span> <span class='ocrx_word' id='word_1_240' title='bbox 1024 2654 1095 2697; x_wconf 89' lang='lat' dir='ltr'>nar·</span> 
     </span>
     <span class='ocr_line' id='line_1_29' title="bbox 77 2721 1097 2810; baseline -0.008 -18"><span class='ocrx_word' id='word_1_241' title='bbox 77 2732 127 2792; x_wconf 88' lang='lat' dir='ltr'>rat</span> <span class='ocrx_word' id='word_1_242' title='bbox 150 2726 241 2807; x_wconf 88' lang='lat' dir='ltr'>haec,</span> <span class='ocrx_word' id='word_1_243' title='bbox 264 2727 319 2790; x_wconf 88' lang='lat' dir='ltr'>sed</span> <span class='ocrx_word' id='word_1_244' title='bbox 342 2726 449 2810; x_wconf 85' lang='lat' dir='ltr'>aliter;</span> <span class='ocrx_word' id='word_1_245' title='bbox 475 2726 553 2790; x_wconf 90' lang='lat' dir='ltr'>huic</span> <span class='ocrx_word' id='word_1_246' title='bbox 575 2727 728 2809; x_wconf 88' lang='lat' dir='ltr'>pleraque</span> <span class='ocrx_word' id='word_1_247' title='bbox 750 2725 886 2789; x_wconf 88' lang='lat' dir='ltr'>humilia</span> <span class='ocrx_word' id='word_1_248' title='bbox 910 2727 942 2787; x_wconf 91' lang='lat' dir='ltr'>et</span> <span class='ocrx_word' id='word_1_249' title='bbox 965 2721 1097 2788; x_wconf 88' lang='lat' dir='ltr'>sordida</span> 
     </span>
     <span class='ocr_line' id='line_1_30' title="bbox 1 2811 1098 2928; baseline -0.008 -46"><span class='ocrx_word' id='word_1_250' title='bbox 1 2877 8 2928; x_wconf 73' lang='lat'>,</span> <span class='ocrx_word' id='word_1_251' title='bbox 78 2821 110 2881; x_wconf 88' lang='lat' dir='ltr'>et</span> <span class='ocrx_word' id='word_1_252' title='bbox 134 2837 175 2880; x_wconf 86' lang='lat' dir='ltr'>ex</span> <span class='ocrx_word' id='word_1_253' title='bbox 194 2815 300 2878; x_wconf 91' lang='lat' dir='ltr'>medio</span> <span class='ocrx_word' id='word_1_254' title='bbox 319 2815 429 2898; x_wconf 86' lang='lat' dir='ltr'>petita,</span> <span class='ocrx_word' id='word_1_255' title='bbox 452 2815 502 2879; x_wconf 89' lang='lat' dir='ltr'>illi</span> <span class='ocrx_word' id='word_1_256' title='bbox 526 2815 634 2879; x_wconf 89' lang='lat' dir='ltr'>omnia</span> <span class='ocrx_word' id='word_1_257' title='bbox 650 2815 825 2896; x_wconf 87' lang='lat' dir='ltr'>recondita,</span> <span class='ocrx_word' id='word_1_258' title='bbox 848 2811 1025 2897; x_wconf 89' lang='lat' dir='ltr'>splendida,</span> <span class='ocrx_word' id='word_1_259' title='bbox 1045 2833 1098 2874; x_wconf 89' lang='lat' dir='ltr'>ex-</span> 
     </span>
     <span class='ocr_line' id='line_1_31' title="bbox 45 2901 1150 2987; baseline -0.007 -16"><span class='ocrx_word' id='word_1_260' title='bbox 45 2932 68 2971; x_wconf 84' lang='lat' dir='ltr'>a</span> <span class='ocrx_word' id='word_1_261' title='bbox 83 2907 170 2970; x_wconf 88' lang='lat' dir='ltr'>celsa</span> <span class='ocrx_word' id='word_1_262' title='bbox 193 2904 402 2987; x_wconf 83' lang='lat' dir='ltr'>conveniunt3</span> <span class='ocrx_word' id='word_1_263' title='bbox 430 2903 514 2968; x_wconf 89' lang='lat' dir='ltr'>hanc</span> <span class='ocrx_word' id='word_1_264' title='bbox 545 2904 672 2987; x_wconf 89' lang='lat' dir='ltr'>saepius</span> <span class='ocrx_word' id='word_1_265' title='bbox 705 2924 785 2986; x_wconf 88' lang='lat' dir='ltr'>ossa,</span> <span class='ocrx_word' id='word_1_266' title='bbox 818 2901 966 2983; x_wconf 88' lang='lat' dir='ltr'>musculi,</span> <span class='ocrx_word' id='word_1_267' title='bbox 994 2901 1096 2982; x_wconf 89' lang='lat' dir='ltr'>nervi,</span> <span class='ocrx_word' id='word_1_268' title='bbox 1117 2916 1150 2964; x_wconf 88' lang='lat'>10</span> 
     </span>
     <span class='ocr_line' id='line_1_32' title="bbox 1 2990 1095 3076; baseline -0.007 -15"><span class='ocrx_word' id='word_1_269' title='bbox 1 3039 2 3073; x_wconf 55' lang='lat'>,</span> <span class='ocrx_word' id='word_1_270' title='bbox 78 2995 169 3060; x_wconf 91' lang='lat' dir='ltr'>illam</span> <span class='ocrx_word' id='word_1_271' title='bbox 199 2992 264 3056; x_wconf 90' lang='lat' dir='ltr'>tori</span> <span class='ocrx_word' id='word_1_272' title='bbox 294 2993 424 3076; x_wconf 88' lang='lat' dir='ltr'>quidam</span> <span class='ocrx_word' id='word_1_273' title='bbox 456 2997 489 3057; x_wconf 91' lang='lat' dir='ltr'>et</span> <span class='ocrx_word' id='word_1_274' title='bbox 521 2993 614 3075; x_wconf 89' lang='lat' dir='ltr'>quasi</span> <span class='ocrx_word' id='word_1_275' title='bbox 646 2993 741 3057; x_wconf 89' lang='lat' dir='ltr'>iubae</span> <span class='ocrx_word' id='word_1_276' title='bbox 772 2992 898 3074; x_wconf 83' lang='lat' dir='ltr'>decent3</span> <span class='ocrx_word' id='word_1_277' title='bbox 929 2991 1009 3054; x_wconf 89' lang='lat' dir='ltr'>baec</span> <span class='ocrx_word' id='word_1_278' title='bbox 1041 2990 1095 3053; x_wconf 84' lang='lat' dir='ltr'>vel</span> 
     </span>
     <span class='ocr_line' id='line_1_33' title="bbox 1 3079 1097 3165; baseline -0.006 -16"><span class='ocrx_word' id='word_1_279' title='bbox 1 3086 7 3164; x_wconf 51' lang='lat' dir='ltr'>&#39;p</span> <span class='ocrx_word' id='word_1_280' title='bbox 78 3083 219 3148; x_wconf 86' lang='lat' dir='ltr'>maxime</span> <span class='ocrx_word' id='word_1_281' title='bbox 238 3083 279 3165; x_wconf 89' lang='lat' dir='ltr'>vi,</span> <span class='ocrx_word' id='word_1_282' title='bbox 302 3082 524 3165; x_wconf 83' lang='lat' dir='ltr'>amaritudine,</span> <span class='ocrx_word' id='word_1_283' title='bbox 543 3081 707 3164; x_wconf 89' lang='lat' dir='ltr'>instantia,</span> <span class='ocrx_word' id='word_1_284' title='bbox 729 3081 786 3146; x_wconf 89' lang='lat' dir='ltr'>illa</span> <span class='ocrx_word' id='word_1_285' title='bbox 808 3083 913 3144; x_wconf 87' lang='lat' dir='ltr'>tractu</span> <span class='ocrx_word' id='word_1_286' title='bbox 937 3084 969 3144; x_wconf 94' lang='lat' dir='ltr'>et</span> <span class='ocrx_word' id='word_1_287' title='bbox 992 3079 1097 3144; x_wconf 88' lang='lat' dir='ltr'>suavi-</span> 
     </span>
     <span class='ocr_line' id='line_1_34' title="bbox 1 3168 1098 3256; baseline -0.005 -19"><span class='ocrx_word' id='word_1_288' title='bbox 1 3213 12 3252; x_wconf 56' lang='grc' dir='ltr'><em>ρ</em></span> <span class='ocrx_word' id='word_1_289' title='bbox 79 3177 147 3237; x_wconf 89' lang='lat' dir='ltr'>tate</span> <span class='ocrx_word' id='word_1_290' title='bbox 166 3175 263 3255; x_wconf 90' lang='lat' dir='ltr'>atqua</span> <span class='ocrx_word' id='word_1_291' title='bbox 284 3172 381 3236; x_wconf 87' lang='lat' dir='ltr'>etiam</span> <span class='ocrx_word' id='word_1_292' title='bbox 400 3171 569 3235; x_wconf 85' lang='lat' dir='ltr'>dulcedine</span> <span class='ocrx_word' id='word_1_293' title='bbox 587 3173 705 3256; x_wconf 74' lang='lat' dir='ltr'>placet,</span> <span class='ocrx_word' id='word_1_294' title='bbox 726 3173 890 3253; x_wconf 83' lang='lat' dir='ltr'>postremo</span> <span class='ocrx_word' id='word_1_295' title='bbox 909 3170 972 3233; x_wconf 90' lang='lat' dir='ltr'>alia</span> <span class='ocrx_word' id='word_1_296' title='bbox 990 3168 1098 3251; x_wconf 82' lang='lat' dir='ltr'>verba,</span> 
     </span>
     <span class='ocr_line' id='line_1_35' title="bbox 1 3251 1150 3343; baseline -0.006 -16"><span class='ocrx_word' id='word_1_297' title='bbox 1 3259 2 3268; x_wconf 71' lang='grc'>’</span> <span class='ocrx_word' id='word_1_298' title='bbox 81 3261 164 3326; x_wconf 83' lang='lat' dir='ltr'>alius</span> <span class='ocrx_word' id='word_1_299' title='bbox 184 3280 292 3343; x_wconf 87' lang='lat' dir='ltr'>sonus,</span> <span class='ocrx_word' id='word_1_300' title='bbox 315 3261 378 3324; x_wconf 90' lang='lat' dir='ltr'>alia</span> <span class='ocrx_word' id='word_1_301' title='bbox 398 3261 604 3325; x_wconf 88' lang='lat' dir='ltr'>constructio.</span> <span class='ocrx_word' id='word_1_302' title='bbox 634 3257 719 3324; x_wconf 87' lang='lat' dir='ltr'>Nam</span> <span class='ocrx_word' id='word_1_303' title='bbox 738 3251 913 3343; x_wconf 83' lang='lat' dir='ltr'>plurimum</span> <span class='ocrx_word' id='word_1_304' title='bbox 932 3258 1039 3340; x_wconf 83' lang='lat' dir='ltr'>refert,</span> <span class='ocrx_word' id='word_1_305' title='bbox 1061 3261 1098 3322; x_wconf 99' lang='lat' dir='ltr'>ut</span> <span class='ocrx_word' id='word_1_306' title='bbox 1119 3271 1150 3320; x_wconf 88' lang='lat'>11</span> 
     </span>
    </p>
   </div>
   <div class='ocr_carea' id='block_1_3' title="bbox 86 3431 1100 3614">
    <p class='ocr_par' dir='ltr' id='par_1_3' title="bbox 86 3431 1100 3614">
     <span class='ocr_line' id='line_1_36' title="bbox 154 3431 1100 3544; baseline -0.004 -18"><span class='ocrx_word' id='word_1_307' title='bbox 154 3477 169 3525; x_wconf 79' lang='lat' dir='ltr'>a</span> <span class='ocrx_word' id='word_1_308' title='bbox 198 3431 284 3544; x_wconf 57' lang='lat' dir='ltr'>vap(</span> <span class='ocrx_word' id='word_1_309' title='bbox 296 3472 392 3526; x_wconf 73' lang='lat' dir='ltr'>sur</span> <span class='ocrx_word' id='word_1_310' title='bbox 403 3477 427 3526; x_wconf 90' lang='lat'>9.</span> <span class='ocrx_word' id='word_1_311' title='bbox 448 3477 465 3526; x_wconf 91' lang='lat'><strong><em>3</em></strong></span> <span class='ocrx_word' id='word_1_312' title='bbox 483 3472 553 3526; x_wconf 74' lang='lat' dir='ltr'>Aen.</span> <span class='ocrx_word' id='word_1_313' title='bbox 569 3472 596 3526; x_wconf 88' lang='lat' dir='ltr'>v</span> <span class='ocrx_word' id='word_1_314' title='bbox 607 3475 666 3526; x_wconf 86' lang='lat'><em>195.</em></span> <span class='ocrx_word' id='word_1_315' title='bbox 724 3476 756 3522; x_wconf 79' lang='lat'>12</span> <span class='ocrx_word' id='word_1_316' title='bbox 776 3469 913 3539; x_wconf 78' lang='lat' dir='ltr'>sapientis</span> <span class='ocrx_word' id='word_1_317' title='bbox 930 3470 1015 3538; x_wconf 73' lang='lat' dir='ltr'>npr,</span> <span class='ocrx_word' id='word_1_318' title='bbox 1031 3469 1100 3534; x_wconf 67' lang='grc' dir='ltr'>Μ,</span> 
     </span>
     <span class='ocr_line' id='line_1_37' title="bbox 86 3543 1084 3614; baseline -0.002 -16"><span class='ocrx_word' id='word_1_319' title='bbox 86 3543 238 3614; x_wconf 87' lang='lat' dir='ltr'>sapientes</span> <span class='ocrx_word' id='word_1_320' title='bbox 254 3544 339 3599; x_wconf 74' lang='grc' dir='ltr'>ΚΠ.</span> <span class='ocrx_word' id='word_1_321' title='bbox 367 3545 562 3613; x_wconf 70' lang='grc' dir='ltr'><em>Αάρ.17.28.</em></span> <span class='ocrx_word' id='word_1_322' title='bbox 1082 3547 1084 3554; x_wconf 87' lang='grc'><strong>“</strong></span> 
     </span>
    </p>
   </div>
   <div class='ocr_carea' id='block_1_4' title="bbox 0 0 1256 3938">
    <p class='ocr_par' dir='ltr' id='par_1_4' title="bbox 0 0 1256 3938">
     <span class='ocr_line' id='line_1_38' title="bbox 0 0 1256 3938; baseline 0 0"><span class='ocrx_word' id='word_1_323' title='bbox 0 0 1256 3938; x_wconf 95' lang='lat' dir='ltr'> </span> 
     </span>
    </p>
   </div>
  </div>
 </body>
</html>
