2468 3938
28 191 31 198 1
139 139 203 204 130
430 183 433 188 -
574 137 601 194 0·
621 139 720 194 PLINI

103 302 360 370 5Adsenserunt
383 323 493 368 omnes
516 308 643 387 praeter
664 302 812 367 Flavium
836 301 971 386 Aprum.
1000 303 1033 368 Is
1056 305 1156 369 inter-

140 393 310 458 dicendum
335 393 364 457 ei
388 393 651 458 advocationibus
676 393 710 456 in
740 393 998 475 quinquennium
1028 395 1156 460 censuit

139 486 179 564 et,
204 481 350 565 quamvis
373 483 534 546 neminem
558 481 750 546 auctoritate
778 482 942 566 traxisset,
970 487 1157 548 constanter

137 571 173 634 in
196 571 354 635 sententia
376 570 508 654 mansit,
532 571 611 653 quin
634 571 730 634 etiam
753 568 926 653 Dextrum,
950 573 1007 654 qui
1028 573 1155 655 primns

138 660 299 724 diversum
328 663 508 741 censuerat,
539 661 666 742 prolata
695 660 767 743 lege
797 659 835 723 de
864 664 977 724 senatu
1001 660 1154 725 habendo
1187 690 1201 730 5

84 747 241 814 eiurare
265 748 371 833 coegit
394 771 411 812 e
433 769 468 812 re
490 748 620 831 publica
643 769 728 830 esse,
752 748 839 831 quod
862 750 1045 814 censuisset.
1091 747 1156 814 Cui

137 858 333 920 quamquam
356 837 519 922 legitimae
549 837 762 921 postulationi
789 860 808 901 a
836 837 1027 922 quibusdam
1054 840 1156 903 recla-

137 930 260 990 matum
294 930 351 990 est.
410 925 616 1010 Exprobrare
648 927 734 992 enim
767 927 910 991 censenti
941 926 1156 992 ambitionem

135 1015 313 1079 videbatur.
373 1012 452 1099 Sed,
487 1015 578 1100 prius
616 1036 711 1098 quam
749 1016 925 1080 sententiae
962 1017 1156 1100 dicerentur,

135 1102 306 1189 Nigrinus,
333 1103 482 1168 tribunus
506 1104 625 1188 plebis,
657 1104 804 1168 recitavit
826 1105 973 1169 libellum
997 1104 1156 1169 disertum
1174 1135 1204 1174 ro

136 1197 168 1257 et
187 1215 327 1278 gravem,
351 1214 414 1276 quo
435 1197 567 1276 questus
591 1197 640 1258 est
657 1192 766 1256 venire
784 1191 1019 1275 advocationes,
1042 1195 1157 1258 venire

136 1282 233 1346 etiam
257 1281 562 1366 praevaricationes,
593 1281 627 1346 in
649 1282 723 1345 lites
752 1282 845 1364 coiri,
878 1286 910 1346 et
933 1283 1055 1367 gloriae
1077 1285 1155 1348 loco

102 1388 116 1434 7
135 1372 214 1454 poni
237 1393 277 1435 ex
300 1372 413 1455 spoliis
438 1372 556 1435 civium
579 1392 715 1456 magnos
739 1373 771 1434 et
794 1375 895 1435 statos
918 1371 1048 1436 reditus.
1090 1371 1156 1437 Re

137 1461 249 1524 citavit
277 1462 382 1543 capita
409 1461 534 1544 legum,
566 1459 734 1524 admonuit
764 1464 893 1525 senatus
921 1461 1156 1544 consvrltornm,

135 1550 171 1613 in
192 1549 257 1613 fine
281 1548 364 1612 dixit
385 1549 559 1632 petendum
587 1548 627 1612 ab
655 1547 779 1632 optimo
802 1549 960 1632 principe,
992 1551 1042 1634 ut,
1075 1551 1204 1632 qnia15

134 1639 232 1723 leges,
255 1638 332 1720 quia
355 1641 483 1702 senatus
507 1638 655 1702 consulta
678 1640 966 1722 contemnerentur,
988 1639 1059 1721 ipse
1082 1642 1156 1702 tan-

99 1727 177 1790 8111
209 1725 297 1790 vitiis
329 1725 537 1790 mederetur„
571 1725 671 1790 Pauci
704 1725 786 1810 dies,
818 1731 850 1790 et
881 1727 964 1791 liber
993 1727 1155 1812 principis

135 1836 263 1879 severus
282 1818 314 1878 et
328 1818 437 1879 tamen
455 1816 651 1899 moderatus,
673 1816 761 1900 leges
781 1815 902 1900 ipsum,
925 1820 974 1880 est
992 1817 1028 1880 in
1045 1817 1156 1900 publi—

135 1903 181 1966 cis
213 1904 301 1968 actis.
348 1903 452 1980 Quam
484 1927 535 1969 me
568 1905 670 1986 iuvat,
703 1904 790 1986 quod
817 1905 851 1968 in
883 1906 987 1969 causis
1016 1906 1154 1991 agendis

134 2014 201 2057 non
218 1993 315 2057 modo
334 1994 492 2078 pactione,
516 1993 610 2075 dono,
633 2014 773 2076 munere,
796 2015 907 2058 verum
927 1994 1025 2058 etiam
1044 1996 1153 2060 xeniis
1170 2026 1202 2066 ao

99 2097 115 2145 9
135 2103 261 2165 semper
274 2082 428 2146 abstinui!
452 2080 588 2166 Oportet
607 2080 745 2164 quidem,
769 2103 850 2166 quae
873 2087 949 2146 sunt
967 2083 1153 2167 inhonesta,

133 2189 200 2234 non
219 2171 308 2253 quasi
330 2171 461 2254 inlicita,
484 2171 540 2236 sed
559 2170 651 2254 quasi
669 2170 818 2254 pudenda
835 2173 950 2256 vitare,
972 2172 1155 2238 iucundum

133 2263 255 2342 tamen,
287 2261 315 2324 si
342 2259 507 2343 prohiberi
538 2259 667 2343 publice
698 2259 821 2343 videar,
854 2260 940 2343 quod
971 2283 1154 2344 numquam

81 2365 115 2414 10
134 2348 195 2412 tibi
222 2350 291 2432 ipse
317 2349 510 2432 permiseris.
555 2347 628 2412 Erit
654 2347 807 2432 fortasse,
834 2350 934 2414 immo
962 2371 1030 2414 non
1052 2351 1154 2414 dubie

133 2436 230 2502 huius
253 2438 412 2521 propositi
435 2437 499 2502 mei
523 2440 555 2500 et
578 2438 684 2502 minor
705 2438 776 2502 laus
805 2442 836 2502 et
864 2439 1031 2503 obscurior
1054 2438 1153 2524 fama,
1170 2471 1201 2511 ss

134 2548 208 2591 cum
239 2548 349 2591 omnes
383 2548 422 2590 ex
451 2527 641 2592 necessitate
662 2527 797 2610 facient,
827 2529 913 2610 quod
941 2548 1002 2612 ego
1033 2532 1153 2611 sponte

133 2615 300 2681 faciebam.
345 2613 478 2680 Interim
501 2615 592 2680 fruor
614 2616 794 2700 voluptate,
822 2637 895 2680 cum
923 2617 979 2680 alii
1002 2616 1152 2682 divinum

133 2727 198 2790 me,
231 2706 286 2770 alii
318 2704 398 2770 meis
427 2704 563 2788 rapinis,
595 2726 684 2768 meae
712 2705 865 2770 avaritiae
892 2725 1062 2770 occursum
1092 2729 1153 2790 per

134 2793 247 2858 ludum
271 2814 308 2858 ac
330 2794 437 2859 iocum
462 2793 619 2858 dictitant.
664 2791 755 2858 Vale.

541 2957 620 3016 inv.
646 2954 738 3034 [xv]
931 3033 933 3038 ¹
1168 2986 1203 3028 a

295 3059 323 3107 C.
347 3059 487 3108 PLINIUS
511 3058 643 3107 PONTIO
666 3060 844 3107 ALLIFANO
869 3059 935 3108 SUO
959 3059 986 3108 S.

99 3165 114 3213 1
202 3146 400 3214 Secesseram
419 3150 454 3214 in
467 3149 689 3233 municipium,
708 3170 780 3214 cum
799 3148 880 3214 mihi
898 3150 1083 3216 nuntiatum
1099 3156 1153 3217 est

71 3311 73 3314 Ι
135 3235 313 3301 Cornutum
341 3236 520 3302 Tertullum
551 3239 710 3323 accepisse
740 3237 897 3304 Aemiliae
927 3239 997 3306 viae
1029 3259 1152 3306 curam.

207 3380 220 3427 1
244 3373 373 3428 Flavium
395 3394 426 3442 a,
446 3377 572 3431 Mommc.
593 3378 651 3431 iod.
671 3377 709 3431 K.
725 3395 755 3446 p.
769 3383 836 3444 411,
857 3379 918 3434 Otto
932 3383 998 3444 303,
1027 3377 1152 3434 Fabium

136 3445 183 3509 M,
202 3444 254 3510 K,
281 3449 393 3513 praeter
419 3447 551 3501 lacrumis
579 3448 680 3502 interd.
704 3451 779 3518 Dp,
800 3450 900 3504 ‘ortena
922 3467 956 3504 ea
983 3449 1009 3503 fl.
1030 3453 1149 3519 aprum'

136 3514 261 3568 Mommc.
334 3521 366 3568 31
386 3517 510 3572 Allifano
530 3520 593 3573 odd.
613 3536 646 3574 ecc
665 3520 740 3576 Ricc.
