2482 3942
369 173 627 228 EPISTULARUM
644 173 683 226 IX
702 179 797 227 7-12.
1026 175 1090 239 227

567 343 603 401 X.

306 495 308 498 ,
346 443 373 491 o.
397 443 536 491 Parcius
562 443 688 490 rucrro
714 442 779 490 sco
804 443 829 490 s.

146 532 248 617 Cupio
277 534 455 618 praeceptis
485 534 550 598 tuis
580 555 705 618 parere;
736 533 791 598 sed
821 555 971 616 aprorum
1000 538 1127 602 tantal

77 623 211 707 penuria
234 627 296 706 est,
327 627 364 687 ut
386 621 549 686 Minervae
572 626 605 686 et
626 621 765 706 Dianae,
796 644 875 706 quas
904 623 950 687 ais
973 624 1093 706 pariter

49 712 237 796 acolendas,
262 713 431 776 convenire
453 733 519 776 non
541 713 652 794 possit.
697 709 811 795 Itaque
833 711 996 776 Minervae
1023 716 1127 780 tan-2

77 806 148 865 tum
173 800 373 865 serviendum
397 805 459 883 est,
489 801 623 864 delicate
645 806 755 865 tamen
785 805 823 865 ut
851 802 886 865 in
909 823 1036 866 secessu
1060 805 1093 865 ct

79 893 207 954 aestate.
243 889 283 954 In
305 891 359 954 via
380 891 475 973 plane
498 911 565 953 non
587 890 676 953 nulla
697 889 820 954 leviora
843 891 1017 974 statimque
1041 889 1093 953 de-

76 979 173 1043 lenda
196 1001 232 1042 ea
255 979 455 1065 garrulitate,
483 999 547 1061 qua
570 1001 732 1043 sermones
755 979 790 1042 in
812 977 960 1043 vehiculo
985 1002 1092 1044 serun-

77 1073 140 1152 tur,
163 1068 300 1132 extendi.
346 1066 407 1132 His
430 1067 587 1151 quaedam
611 1067 717 1132 addidi
740 1067 775 1131 in
798 1068 884 1150 villa,
908 1088 981 1132 cum
1005 1067 1097 1132 aliud'

34 1185 62 1226 ιο
77 1179 144 1221 non
166 1157 288 1221 liberet.
333 1155 446 1241 Itaque
468 1160 617 1240 poemata
641 1157 822 1240 quiescunt,
845 1177 927 1239 quac
950 1160 986 1221 tu
1009 1158 1093 1220 inter

77 1267 209 1310 nemora
232 1249 264 1311 et
285 1247 377 1310 lucos
401 1245 659 1310 commodissime
686 1245 794 1329 perfici
824 1249 930 1329 putas,
952 1246 1127 1313 oration-3

79 1336 184 1399 culam
206 1357 320 1418 unam,
343 1335 477 1399 alteram
499 1335 683 1418 retractavi,
716 1356 911 1418 quamquam
934 1334 968 1397 id
989 1355 1092 1420 genus

79 1425 184 1507 operis
207 1424 389 1508 inamabile,
411 1425 617 1488 inamoenum
640 1425 808 1509 magisque
825 1423 990 1488 laboribus
1009 1424 1092 1487 ruris

80 1535 177 1596 quam
200 1512 420 1597 voluptatibus
444 1513 557 1579 simile.
602 1510 692 1576 Vale.

11 1697 12 1708 ¹
35 1701 62 1740 15
561 1677 613 1736 XI.

285 1775 286 1778 ¹
342 1778 370 1825 O.
393 1778 533 1826 PLINIUS
558 1778 692 1826 GEMINO
717 1777 783 1826 SUO
808 1777 833 1826 S.

144 1867 327 1951 Epistulam
350 1873 440 1932 tuam
463 1868 727 1933 iucundissimam
749 1868 855 1952 recepi
883 1890 920 1932 eo
945 1869 1092 1952 maxime,
1112 1888 1134 1938 1η

78 1956 165 2039 quod
189 1957 309 2040 aliquid
337 1958 377 2021 ad
404 1961 437 2022 te
461 1958 557 2022 scribi
584 1956 729 2040 volebas,
762 1956 849 2040 quod
875 1958 967 2022 libris
994 1959 1092 2022 inseri

76 2049 196 2128 posset.
225 2044 383 2111 Obveniet
400 2047 534 2110 materia
551 2046 604 2110 vel
621 2045 701 2111 haec
719 2047 798 2129 ipsa,
813 2067 909 2128 quam
924 2050 1093 2129 monstras,

35 2164 62 2202 so
78 2136 132 2199 vel
149 2135 258 2218 potior
276 2135 345 2199 alia.
375 2133 458 2199 Sunt
476 2136 561 2200 enim
580 2136 615 2198 in
628 2135 689 2198 hac
704 2134 895 2199 offendicula
908 2157 975 2198 non
987 2137 1092 2219 nulla,

78 2224 249 2288 circumfer
276 2225 400 2307 oculos,
432 2228 464 2288 et
492 2228 666 2288 occurrent.
712 2223 912 2307 Bibliopolas
941 2222 1126 2309 Lugdunia

11 2317 12 2324 ’
77 2335 237 2378 essenon
264 2313 418 2396 putabam
449 2334 486 2377 ao
508 2317 599 2376 tanto
628 2313 782 2377 libentius
812 2334 852 2376 ex
879 2313 996 2377 litteris
1027 2314 1091 2377 tuis

78 2403 217 2489 cognovi
239 2402 396 2466 venditari
413 2402 541 2467 libellos
556 2423 654 2484 meos,
677 2401 794 2483 quibus
812 2422 945 2487 peregre
963 2423 1091 2465 manere

78 2492 229 2576 gratiam,
259 2512 356 2574 quam
379 2492 414 2555 in
436 2492 515 2555 urbe
539 2491 740 2577 collegerint,
773 2491 922 2556 delector.
967 2489 1091 2574 Incipio

36 2608 62 2646 25
78 2581 166 2644 enim
190 2581 267 2644 satis
291 2581 475 2644 absolutum
499 2581 698 2663 existimare,
726 2579 765 2643 de
789 2601 852 2662 quo
876 2583 967 2645 tanta
989 2579 1092 2644 diver·
1132 2609 1135 2642 z

78 2671 174 2733 sitate
196 2669 365 2754 regionum
388 2669 525 2734 discreta
547 2668 716 2733 hominum
739 2669 857 2733 iudicia
880 2670 1092 2734 consentiunt.

77 2757 168 2822 Vale.

553 2887 619 2945 ΧΠ.
702 2878 727 2915 l,

343 2987 372 3038 C·
394 2988 533 3036 PLINIUS
558 2987 694 3035 IUNIORI
718 2986 783 3034 SUO
809 2987 835 3035 S.
879 3013 880 3016 =
951 3002 953 3005 ’

36 3106 62 3144 ao
146 3075 332 3163 Castigabat
355 3067 485 3160 quidam
508 3078 611 3142 filium
640 3100 747 3161 suum,
775 3076 861 3160 quod
887 3078 984 3160 paulo
1009 3095 1126 3143 sum-1

75 3167 227 3250 ptuosius
250 3189 350 3251 equos
374 3171 406 3231 et
429 3189 522 3233 canes
546 3169 673 3231 emeret.
715 3165 802 3230 Huic
825 3187 885 3252 ego
908 3167 1023 3230 iuvene
1047 3166 1092 3229 di-

77 3276 213 3346 gressos
224 3255 324 3321 ‘Heus
343 3260 389 3339 tu,
407 3279 624 3340 numquamne
642 3255 756 3339 fecisti,
775 3256 861 3338 quod
880 3277 898 3320 a
915 3258 1006 3339 patre
1025 3277 1092 3320 cor-

151 3491 184 3539 13
204 3488 233 3539 et
247 3485 331 3539 inam.
347 3488 375 3538 et
389 3485 472 3540 inam.
489 3491 539 3540 act
551 3486 610 3540 sim.
626 3486 729 3554 Dprs.
805 3490 837 3538 17
856 3484 949 3554 recepi
962 3485 1091 3553 Dsopr,

75 3575 135 3612 acc.
153 3559 197 3623 M,
211 3557 249 3610 K.
276 3559 306 3614 V.
328 3557 423 3628 θήστίᾳ
440 3558 478 3612 cd
493 3558 558 3611 V11
570 3559 629 3624 (12)
640 3561 667 3622 1,
685 3557 785 3611 1X17.
797 3561 822 3623 1,
840 3560 921 3622 281,
940 3560 1018 3610 35.1.

767 3725 771 3734 ·
881 3644 932 3698 15*
