2468 3938
164 133 207 198 68
598 131 626 186 c.
645 131 744 185 11111

163 297 253 360 nium
286 295 460 378 acciperet,
496 298 660 379 postremo
692 317 732 358 ne
768 294 986 377 potentissimi
1018 293 1178 358 vilissimo

165 406 292 468 quoque
315 384 407 467 quasi
430 384 584 467 piaculari
607 383 681 447 dato
705 383 818 448 alienis
836 385 948 466 poenis
967 383 1180 447 elaberentur.

112 493 145 541 10
163 473 294 538 Etenim
317 477 387 537 tum
410 473 549 536 maxime
566 473 658 536 favor
680 477 713 536 11
731 473 865 536 ambitio
887 472 1080 555 dominatur,
1104 493 1180 536 cum

112 581 125 629 1
165 563 225 625 sub
244 563 351 645 aliqua
370 563 474 645 specie
494 562 673 625 severitatis
692 561 876 626 delitescere
898 565 1014 645 potest.
1044 561 1126 624 Erat
1145 561 1181 623 in

184 651 298 714 cnsilio
329 649 548 714 Sertorianum
576 651 656 714 illud
685 652 881 734 exemplum,
909 651 964 733 qui
992 649 1181 714 robustissi-
1208 676 1219 714 1

16 582 252 843 Minuci
277 743 309 803 et
331 739 587 803 infirmissimum
611 739 748 803 militem
771 739 867 803 iussit
894 740 1027 804 caudam
1059 739 1178 821 equi-

163 830 286 910 reliqua
305 829 400 892 nosti.
424 826 509 891 Nam
528 848 587 890 nos
607 849 734 910 quoque
753 832 819 891 tam
838 849 1046 892 numerosum
1060 849 1182 913 agmen

164 938 291 981 reorum
319 918 365 980 111
388 917 516 980 demum
546 917 733 980 videbamus
762 939 858 1000 posse
886 917 1041 1000 superari,
1070 917 1098 979 si
1122 939 1183 1000 per

113 1025 145 1073 12
165 1007 310 1091 singulos
329 1010 518 1089 carperetur.
546 1005 673 1070 Placuit
691 1006 725 1068 in
742 1005 856 1088 primis
874 1006 981 1088 ipsum
1000 1002 1181 1069 Classicum

166 1095 332 1159 ostendere
355 1099 534 1159 nocentem!
565 1093 628 1158 Hic
650 1095 836 1177 aptissimus
860 1095 900 1158 ad
924 1095 1029 1158 socios
1053 1095 1121 1157 eius
1148 1099 1220 1159 111

164 1185 329 1248 ministros
352 1185 508 1248 transitus
532 1187 608 1266 1111,
632 1183 707 1266 quia
726 1184 806 1248 sccii
825 1184 1030 1266 ministrique
1047 1183 1181 1266 probari

163 1273 226 1336 nisi
245 1272 301 1336 illc
325 1277 460 1337 nocente
483 1292 549 1336 uon
571 1275 735 1356 poterant3
759 1273 938 1354 exquibus
963 1273 1043 1335 duos
1067 1272 1180 1334 statim

164 1359 305 1426 Classico
324 1362 497 1444 iunximus,
519 1360 675 1425 Baebium
693 1360 836 1425 Probum
856 1366 888 1425 et
907 1360 1044 1425 Fabium
1062 1359 1181 1443 Hispa-

164 1472 252 1532 num,
275 1454 447 1532 utrumque
470 1451 582 1534 gratia,
605 1449 785 1532 Hispanum
809 1450 906 1513 etiam
928 1450 1078 1515 facundia
1101 1451 1182 1513 vali-

113 1557 145 1604 13
165 1539 250 1601 dum.
295 1538 340 1602 Et
364 1539 446 1620 circa
470 1537 647 1602 Classicum
671 1539 800 1621 quidem
823 1539 929 1602 brevis
954 1543 986 1602 11
1009 1538 1182 1621 expeditus
1197 1565 1221 1604 11

164 1627 264 1690 labor.
297 1624 362 1690 Sua
384 1649 482 1690 manu
504 1628 676 1709 reliquerat
699 1628 863 1710 scriptum,
887 1627 965 1711 quid
989 1649 1028 1690 11
1051 1649 1183 1710 quaque

165 1737 214 1797 11,
244 1715 322 1797 quid
351 1737 391 1779 ex
420 1737 546 1798 quaque
575 1737 670 1780 causa
700 1716 888 1800 accepisset,
919 1716 1051 1780 miserat
1081 1717 1184 1780 etiam

166 1805 318 1886 epistulas
345 1803 482 1867 Romam
513 1805 553 1867 ad
576 1803 746 1869 amiculam
775 1805 934 1888 quandam
962 1806 1118 1870 iactantes
1150 1811 1184 1869 et

166 1892 321 1978 gloriosas
344 1893 395 1956 his
419 1893 547 1976 quidem
569 1895 687 1958 verbis:
716 1892 765 1957 ‘Io
789 1895 830 1976 1ο,
848 1894 930 1959 liber
953 1894 993 1957 ad
1015 1897 1048 1957 te
1070 1894 1183 1978 veni03

165 1983 229 2044 iam
253 1983 434 2046 sestertium
458 1982 647 2068 quadragies
670 1983 778 2068 redegi
802 1987 892 2066 parte
919 1983 1049 2047 vendita
1072 1981 1184 2046 Baeti·
1198 2009 1220 2048 u

114 2088 147 2136 14
166 2069 296 2134 corum’
343 2068 433 2136 Circa
456 2070 636 2154 Hispanum
660 2076 693 2135 et
714 2070 857 2135 Probum
880 2073 1019 2136 multum
1043 2071 1183 2134 sudoris.

165 2158 290 2222 Horum
309 2164 382 2224 aute
401 2182 497 2242 quam
517 2160 650 2225 crimina
669 2161 858 2245 ingrederer,
881 2160 1095 2225 necessarium
1114 2181 1185 2224 cre

166 2248 232 2310 didi
255 2249 430 2331 elaborare,
458 2253 494 2312 ut
517 2253 679 2313 constaret
706 2248 921 2313 ministerium
951 2250 1072 2313 crimen
1096 2271 1183 2333 esse3

114 2353 146 2404 15
167 2336 253 2419 quod
270 2337 333 2399 nisi
350 2337 506 2420 fecissem,
523 2338 644 2402 frustra
662 2338 827 2402 ministros
845 2337 1040 2421 probassem.
1064 2334 1184 2420 Neque

165 2425 250 2489 enim
269 2426 315 2488 ita
333 2425 596 2509 defendebantur,
620 2431 656 2490 ut
678 2431 841 2512 negarent,
864 2427 919 2490 sed
939 2430 976 2490 ut
994 2426 1184 2491 necessitati
1198 2453 1219 2492 1

165 2516 291 2579 veniam
321 2519 538 2600 precarentur3
566 2537 635 2580 esse
663 2516 748 2579 enim
779 2538 813 2579 se
840 2515 1052 2598 provinciales
1084 2519 1116 2578 et
1141 2517 1184 2579 ad

114 2621 260 2669 1611111
282 2603 509 2686 proconsulum
532 2605 703 2688 imperium
727 2609 815 2668 metu
839 2606 919 2690 cogi.
962 2603 1051 2668 Solet
1074 2603 1184 2669 dicere

166 2691 317 2756 Claudius
335 2691 524 2776 Restitutus,
548 2695 604 2775 qui
627 2693 708 2757 mihi
725 2694 899 2777 respoudit,
918 2693 967 2757 vir
986 2693 1184 2758 exercitatus

166 2785 198 2844 et
215 2781 352 2866 vigilans
371 2785 403 2844 et
422 2783 598 2863 quamlibet
622 2782 736 2846 subitis
759 2787 898 2865 paratus,
920 2803 1098 2865 numquam
1118 2783 1184 2846 sibi

166 2873 290 2933 tantum
315 2870 469 2955 caliginis,
492 2874 619 2934 tantum
637 2872 887 2954 perturbationis
907 2871 1056 2952 offusum,
1080 2891 1218 2953 quamu

165 2979 239 3021 cum
261 2963 428 3042 praerepta
451 2964 483 3023 et
506 2963 631 3024 extorta
655 2961 831 3024 defensioni
860 2981 935 3024 suae
959 2964 1116 3042 cerneret,
1149 2962 1185 3023 in

113 3063 145 3110 17
166 3046 282 3128 quibus
305 3069 433 3112 omnem
455 3048 606 3113 fiduciam
625 3051 807 3133 reponebat.
843 3047 975 3112 Consilii
993 3049 1097 3111 nostri
1117 3052 1186 3113 111-

166 3138 217 3198 tus
234 3135 311 3199 fuit:
336 3137 419 3200 bona
434 3135 574 3220 Classici,
592 3159 673 3220 quae
691 3138 856 3202 habuisset
874 3142 948 3202 ante
970 3137 1185 3220 provinciam,

71 3215 287 3322 χ,(ξῖ11111111
310 3227 434 3290 senatui
456 3227 625 3309 areliquis
647 3228 795 3312 separari,
817 3227 873 3289 illa
891 3227 985 3309 filiae,
1008 3225 1088 3290 haec
1107 3249 1185 3311 spo-

38 3322 146 3629 ff
164 3313 251 3377 lictis
269 3314 415 3396 relinqui.
445 3313 601 3379 Additum
621 3320 678 3398 est,
701 3320 737 3380 ut
755 3316 918 3399 pecuniae,
941 3338 1019 3399 quas
1043 3315 1217 3407 credito-sq

165 3403 254 3465 ribus
285 3402 435 3484 solverat,
464 3408 696 3468 revocarentur.
743 3403 906 3487 Hispanus
934 3409 966 3468 et
988 3403 1116 3468 Probus
1150 3406 1185 3468 in

28 3549 35 3561 ,
123 3491 421 3637 &quinquennium
443 3491 584 3577 relegati.
630 3490 720 3556 Adeo
744 3514 840 3578 grave
867 3493 972 3556 visum
1000 3497 1063 3574 est,
1093 3495 1184 3576 quod

111 3631 145 3680 ⁸>

119 3688 143 3742 δ’

12 3555 26 3600 t

78 3639 94 3674 c

69 3681 77 3698 Ι
