2480 3942
381 155 639 210 EPISTULARUM
659 159 771 212 78-8L
1017 155 1084 221 285
1103 113 1106 118 Ι

70 321 176 405 legem
199 318 394 403 Pompeiam,
417 323 455 383 ut
477 320 701 405 magistratum
725 320 854 404 quidem
877 340 990 404 capere
1013 341 1085 403 pos

71 413 143 474 sent
165 409 202 492 ii,
229 410 285 493 qui
307 429 374 474 non
396 410 535 473 minores
564 410 699 473 duorum
727 413 759 474 et
781 410 898 495 viginti
928 430 1086 474 annorum

70 501 187 581 essent,
210 501 252 580 et,
275 499 331 581 qui
354 498 521 582 cepissent,
544 499 579 562 in
602 502 747 563 senatum
772 501 926 582 cuiusque
945 499 1085 563 civitatis

69 587 282 670 pervenirent.
347 584 496 651 (letarum
519 607 586 651 non
608 591 703 671 capto
726 589 917 673 magistratu
941 608 1006 672 eos,
1031 588 1087 672 qui

37 677 211 746 sminores
237 676 371 760 triginta
394 697 550 739 annornm
580 677 659 759 sint,
686 678 762 760 quia
789 677 1014 761 magistratum
1037 698 1086 741 ca-

69 788 146 849 pere
169 765 308 848 possint,
335 766 370 828 in
397 766 518 830 curiam
541 765 638 829 etiam
665 766 728 830 loci
756 767 910 849 cuiusque
932 787 1000 830 non
1022 767 1087 830 exi-

72 856 171 919 stimo
194 854 261 939 legi
283 874 387 938 posse.

412 983 543 1046 cxxxi.
567 978 741 1063 [amu]

269 1081 297 1132 G.
321 1084 460 1132 PLINIUS
486 1084 638 1132 TRAIANO
662 1084 887 1132 IMPERATORI.

20 1207 52 1246 ιο
140 1172 221 1238 Cum
244 1173 364 1239 Prusae
388 1176 427 1239 ad
451 1172 639 1259 Olympum,
662 1175 805 1258 domine,
828 1175 967 1258 publicis
990 1190 1121 1260 nego-1

68 1265 127 1329 tiis
165 1264 249 1327 intra
284 1262 462 1348 hospitium
503 1265 615 1328 eodem
657 1263 714 1329 die'
749 1265 893 1329 exiturus
933 1283 1089 1348 vacarem,

67 1351 280 1435 Asclepiades
317 1354 523 1438 magistratus
562 1353 715 1417 indicavit
748 1354 945 1437 appellatum
981 1374 1032 1417 me
1069 1375 1088 1416 a

69 1441 208 1506 Claudio
231 1440 401 1525 Eumolpo.
449 1440 529 1506 Cum
554 1439 748 1506 Cocceianus
771 1441 858 1506 Dion
881 1442 916 1505 in
938 1441 1013 1506 bule
1036 1441 1088 1505 ad-

67 1530 194 1614 signari
218 1530 341 1594 civitati
364 1552 458 1615 opus,
491 1532 581 1595 cuius
605 1551 713 1595 curam
737 1536 859 1617 egerat,
881 1532 995 1613 vellet,
1017 1533 1089 1595 tum

23 1651 52 1691 15
68 1619 253 1702 Eumolpus
277 1619 450 1684 adsistente
473 1618 585 1684 Flavio
604 1618 770 1704 Archippo
794 1621 876 1685 dixit
900 1620 1088 1705 exigendam

68 1728 144 1773 esse
168 1731 186 1772 a
208 1707 312 1772 Dione
334 1710 493 1773 rationem
516 1709 631 1792 operis,
654 1713 728 1774 ante
752 1731 849 1793 quam
870 1710 918 1773 rei
940 1709 1089 1794 publicae

68 1797 266 1880 traderetur,
296 1798 382 1881 quod
406 1799 499 1862 aliter
519 1798 662 1880 fecisset,
686 1819 723 1862 ac
745 1798 916 1863 debuisset.
962 1796 1089 1863 Adiecit
1108 1813 1124 1861 2

69 1887 172 1951 etiam
195 1908 263 1951 esse
285 1887 320 1949 in
347 1887 459 1951 eodem
488 1886 584 1970 opere
604 1888 746 1970 positam
769 1891 859 1952 tuam
887 1890 1026 1951 statuam
1057 1890 1090 1950 et

70 1995 210 2058 corpora
224 1977 433 2061 sepultorum,
446 1977 555 2040 uxoris
570 1975 684 2040 Dionis
704 1980 736 2041 et
754 1975 822 2059 filii,
838 1977 1089 2060 postulavitque,

24 2095 54 2134 ao
70 2067 111 2128 nt
135 2084 361 2150 cognoscerem
379 2086 438 2148 pro
462 2065 623 2130 tribunali.
661 2063 755 2141 Quod
773 2086 846 2129 cum
865 2085 925 2149 ego
948 2087 999 2129 me
1017 2079 1124 2149 pro-s

70 2155 162 2218 tinus
180 2153 342 2218 facturum
361 2152 598 2238 dilaturumque
616 2154 849 2239 profectionem
871 2153 1032 2236 dixissem,
1053 2157 1090 2218 nt

70 2243 255 2327 longiorem
279 2242 363 2306 diem
387 2242 429 2306 ad
449 2243 670 2307 instruendam
694 2263 822 2306 causam
846 2243 963 2326 darem,
989 2246 1090 2325 utque

71 2333 110 2396 in
133 2331 197 2394 alia
216 2331 345 2395 civitate
364 2351 599 2418 cognoscerem,
617 2332 719 2416 petiit.
742 2330 815 2417 Ego
834 2354 885 2395 me
904 2331 1089 2396 auditurum
1108 2346 1125 2394 4

70 2419 214 2485 Nicaeae
246 2421 403 2504 respondi.
449 2419 516 2486 Ubi
547 2441 616 2485 cum
649 2420 862 2486 consedissem
894 2419 1090 2506 cogniturus,

27 2539 56 2580 ss
72 2509 161 2573 idem
184 2508 364 2593 Eumolpus
387 2512 552 2593 tamquam
576 2508 680 2574 adhuc
702 2531 816 2594 parum
846 2510 1020 2574 instructus
1044 2508 1090 2571 di-

72 2597 231 2664 lationem
266 2602 374 2682 petere
411 2599 530 2682 coepit,
567 2602 678 2663 contra
709 2597 810 2682 Dion,
845 2602 883 2662 ut
918 2597 1090 2680 audiretur,

72 2688 212 2772 exigere.
258 2685 353 2751 Dicta
381 2691 456 2752 sunt
478 2688 641 2771 utrimque
668 2688 770 2752 multa
800 2688 897 2751 etiam
925 2688 963 2751 de
987 2702 1125 2751 causas

72 2776 150 2860 Ego
170 2796 242 2839 cum
265 2774 402 2840 dandam
417 2775 604 2840 dilationem
623 2776 664 2840 ad
682 2781 713 2841 te
733 2775 1090 2841 consulendnm'existi-

73 2887 198 2930 marem
230 2865 265 2928 in
295 2886 329 2929 re
362 2865 402 2929 ad
425 2867 606 2949 exemplum
643 2865 830 2951 pertinenti,
863 2864 929 2928 dixi
961 2864 1090 2948 utrique

29 2984 58 3024 so
74 2954 172 3039 parti,
194 2955 231 3017 ut
252 2955 508 3037 postulationum
532 2976 661 3019 suarum
684 2954 811 3018 libellos
835 2953 954 3018 darent.
995 2951 1091 3017 Vole-

76 3045 153 3108 bam
186 3042 270 3106 enim
304 3047 336 3108 te
367 3044 511 3126 ipsorum
547 3044 753 3126 potissimum
784 3042 891 3108 verbis
923 3065 973 3125 ea,
1009 3064 1090 3126 quae

76 3135 170 3197 erant
191 3133 365 3216 proposita,
388 3152 588 3218 cognoscere.
620 3132 664 3196 nt
682 3131 769 3196 Dion
792 3131 921 3216 quidem
945 3152 978 3196 se
1002 3131 1091 3194 datu·

152 3278 168 3324 2
187 3270 212 3325 V
230 3272 366 3342 Nipperd.
385 3278 416 3326 ut
434 3275 476 3326 79.
487 3275 514 3326 2.
588 3270 795 3328 lbradsistente
815 3271 944 3326 Beroald.
963 3289 990 3336 a,
1004 3270 1091 3338 ΚΠ,

75 3342 292 3414 absistentes,
318 3342 457 3396 adsistens
482 3343 594 3410 Oeten,
613 3342 682 3396 K.1.
783 3347 816 3396 18
839 3341 938 3397 eodem
961 3358 977 3396 ο
999 3358 1044 3396 ere
1064 3360 1090 3408 a,

78 3415 180 3470 eodem
193 3415 280 3480 ΚΠ,
295 3413 394 3468 aedem
407 3413 764 3480 A,aedeBeoau.,K.1.
821 3418 854 3466 25
874 3411 954 3484 [si]a
994 3430 1029 3467 uc
1043 3413 1091 3480 K,

77 3487 104 3540 si
127 3502 179 3540 om.
202 3503 233 3551 a,
257 3483 365 3540 scilicet
388 3485 486 3555 Staapl
504 3489 565 3540 679.
655 3489 689 3539 28
717 3483 754 3537 ad
771 3485 801 3539 te
819 3501 883 3552 sca,
909 3485 938 3540 et
952 3486 992 3552 A,
1015 3486 1045 3538 et
1062 3486 1091 3538 te

77 3557 215 3624 Sebuefer,
234 3556 303 3624 KJ,
322 3557 351 3610 et
369 3571 443 3610 cons.
463 3558 491 3610 te
511 3556 597 3611 ΚΠ.
