2468 3938
334 143 592 197 EPISTULARUM
609 144 648 196 ΙΠ
670 148 782 200 10-12.
1023 146 1065 210 73

65 330 130 372 cum
151 311 273 391 septem
297 307 408 372 amicis
432 308 512 372 meis
536 310 592 370 aut
616 308 729 372 occisis
753 312 810 372 aut
832 308 991 393 relegatis,
1014 331 1065 374 oc·

65 398 131 462 cisis
157 395 345 479 Senecione,
371 395 521 479 Rustico,
549 395 713 479 Helvidi0,
740 398 890 482 relegatis
913 397 1068 480 Maurico,

66 483 198 568 Gratilla,
220 483 324 568 Arria,
346 484 479 568 Fannia,
501 489 552 550 tot
577 486 661 549 circa
683 508 735 549 me
758 486 851 550 iactis
874 487 1066 551 fulminibus

65 575 147 658 quasi
169 575 336 638 ambustus
359 572 441 638 mihi
465 596 592 657 quoque
615 575 787 658 inpendere
816 576 902 639 idem
931 576 1066 640 exitium

44 665 150 728 scertis
180 662 372 746 quibusdam
402 663 489 727 uotis
519 685 700 748 augurarer.
745 663 822 728 Non
853 665 924 728 ideo
958 669 1102 728 tamen4

66 753 206 816 eximiam
226 753 362 837 gloriam
386 753 541 816 meruisse
565 774 625 835 me,
644 756 681 817 ut
699 753 754 816 ille
772 754 943 836 praedicat,
963 753 1067 836 credo,

65 841 113 906 sed
134 845 261 905 tantum
285 840 435 925 effugisse
458 841 626 925 flagitium.
662 841 748 906 Nam
770 846 802 906 et
821 840 854 906 Ο.
872 842 1067 926 Musonium,
1087 860 1102 906 5

65 952 201 995 socerum
226 931 303 1013 eius,
326 934 483 1012 quantum
508 930 636 994 licitum
660 934 708 995 est
735 953 792 1014 per
819 935 965 1014 aetatem,
993 953 1066 997 cum

64 1019 267 1083 admiratione
297 1019 395 1082 dilexi
426 1023 458 1082 et
486 1016 728 1083 Artemidorum
756 1020 863 1103 ipsum
894 1021 958 1084 iam
989 1025 1067 1103 tum,

34 1131 130 1172 scum
160 1109 205 1171 in·
227 1106 319 1191 Syria
351 1108 500 1172 tribunus
532 1109 718 1192 militarem,
748 1112 817 1172 arta
848 1109 1068 1173 familiaritate

65 1199 243 1280 complexus
262 1219 333 1261 sum
357 1196 453 1278 idque
472 1197 612 1279 primum
635 1219 701 1260 non
719 1197 839 1262 nullius
857 1198 976 1261 indolis
995 1198 1068 1261 dedi

65 1288 226 1369 specimen,
257 1285 344 1368 quod
372 1286 478 1348 virum
508 1289 564 1348 aut
594 1287 771 1369 sapientem
801 1290 857 1349 aut
884 1287 1067 1369 proximum

66 1376 321 1458 simillimumque
353 1375 490 1457 sapienti
520 1375 707 1460 intellegere
741 1397 813 1439 sum
842 1376 939 1440 visus.
982 1373 1104 1440 Namc

66 1486 99 1526 ex
117 1464 273 1546 omnibus,
293 1464 348 1547 qui
366 1485 452 1529 nunc
471 1485 504 1528 se
522 1463 733 1549 philosophos
751 1468 877 1548 vocant,
895 1465 949 1528 vix
967 1485 1068 1527 unum

34 1557 114 1615 aaut
136 1555 273 1617 alterum
299 1553 443 1617 invenies
471 1556 561 1616 tanta
590 1553 781 1636 sinceritate,
809 1557 899 1618 tanta
925 1553 1067 1617 veritate.

18 1673 20 1726 p
66 1640 164 1726 Mitto,
188 1663 252 1725 qua
274 1642 430 1725 patientia
454 1643 597 1725 corporis
616 1642 742 1707 hiemes
762 1644 853 1706 iuxta
875 1646 908 1707 et
931 1646 1068 1707 aestates

64 1729 151 1814 ferat,
178 1734 216 1794 ut
238 1731 337 1795 nullis
364 1730 530 1795 laboribus
559 1731 660 1815 cedat,
687 1736 725 1795 ut
752 1731 835 1795 nihil
861 1733 896 1796 in
924 1732 1005 1814 cibo,
1035 1732 1069 1794 in

65 1823 137 1900 potu
158 1820 383 1902 voluptatibus
407 1820 538 1902 tribuat,
561 1825 598 1884 ut
622 1820 732 1885 oculos
760 1822 967 1903 animumque
996 1841 1068 1885 con-

66 1908 167 1972 tineat.
209 1907 292 1973 Sunt
320 1908 400 1973 haec
429 1931 555 1994 magna,
586 1909 641 1973 sed
671 1910 706 1972 in
735 1911 808 1992 alio,
837 1911 873 1972 in
900 1910 963 1974 hoc
993 1927 1104 1973 venor

32 1998 202 2080 uminima,
224 1999 253 2061 si
276 1998 389 2062 ceteris
413 1998 587 2062 virtutibus
607 2002 841 2082 comparentur,
865 1999 982 2081 quibus
1005 2019 1069 2060 me·

64 2087 130 2170 ruit,
156 2090 194 2150 ut
223 2109 243 2150 a
270 2085 303 2150 (l.
322 2085 472 2150 Musonio
501 2109 540 2150 ex
569 2088 719 2152 omnibus
748 2088 892 2152 omnium
921 2088 1069 2151 ordinum

63 2173 310 2240 adsectatoribus
338 2196 435 2259 gener
464 2175 691 2240 adsumeretur.
744 2175 833 2251 Quae
859 2176 940 2239 mihi
967 2193 1105 2240 recor-8

18 2265 19 2316 1
63 2262 146 2328 danti
169 2269 218 2328 est
242 2264 371 2348 quidem
394 2265 579 2348 iucundum,
603 2265 690 2348 quod
709 2287 760 2330 me
783 2287 856 2330 cum
880 2265 966 2349 apud
989 2266 1069 2330 alios

62 2355 126 2416 tum
154 2353 241 2438 apud
268 2357 301 2417 te
329 2354 428 2418 tantis
458 2354 608 2419 laudibus
637 2355 790 2437 cumulat,
817 2377 929 2419 vereor
953 2359 1070 2434 tamen,

31 2460 98 2504 rane
120 2443 254 2506 modum
278 2443 418 2526 excedat,
442 2464 537 2525 quem
561 2443 744 2528 benignitas
768 2444 836 2508 eius
859 2441 952 2530 (illuc
975 2443 1070 2524 enim,

62 2531 141 2595 unde
165 2531 266 2615 coepi,
291 2528 447 2617 revertor)
475 2555 542 2595 non
569 2533 652 2596 solet
679 2536 795 2596 tenore.
831 2531 917 2596 Nam
944 2533 979 2594 in
1007 2531 1105 2595 hoco

62 2640 121 2683 uno
145 2620 308 2685 interdum
330 2621 380 2684 vir
403 2621 525 2703 alioqui
547 2621 815 2703 prudentissimus
840 2621 976 2684 honesto
1001 2619 1069 2702 qui-

63 2706 139 2792 dem,
167 2710 224 2775 sed
250 2713 360 2774 tamen
389 2731 495 2774 errore
522 2714 675 2794 versatur,
706 2711 793 2793 quod
819 2711 921 2794 pluris
949 2709 1070 2773 amicos

63 2816 142 2882 suos,
165 2821 263 2882 quam
286 2803 370 2882 sunt,
393 2799 574 2864 arbitratur.
621 2798 710 2863 Vale.

18 2955 50 2994 ¹³⁴>
531 2945 597 3004 XII.

18 2983 22 3084 1
236 3045 264 3093 0.
288 3046 427 3094 numius
452 3046 592 3094 cimmo
617 3047 751 3094 sevasto
777 3046 841 3093 suo
866 3045 892 3093 s,

18 3151 20 3222 p
123 3133 262 3199 Veniam
286 3136 326 3199 ad
350 3158 469 3218 cenam,
496 3137 551 3200 sed
573 3137 638 3201 iam
663 3158 749 3200 nunc
771 3135 930 3218 paciscor,
954 3136 996 3199 sit
1019 3152 1104 3200 <ax-1

18 3231 19 3300 t
62 3222 174 3308 pedite,
189 3226 232 3289 sit
250 3247 355 3309 parca,
370 3223 541 3290 Socraticis
560 3229 686 3289 tantum
701 3225 902 3290 sermonibus
921 3224 1072 3306 abundet,

63 3310 93 3372 in
118 3311 171 3378 his
199 3335 327 3397 quoque
342 3318 462 3378 teneat
489 3315 631 3378 modurn.
675 3314 782 3378 Erunt
813 3314 920 3378 officia
950 3314 1107 3377 antelua

18 3447 26 3503 ὲ
33 3415 52 3454 ³⁵
64 3418 147 3484 cana,
170 3403 205 3466 in
224 3425 305 3486 quae
324 3403 464 3468 incidere
482 3404 602 3487 inpune
620 3426 660 3466 ne
679 3401 794 3466 Catoni
818 3403 947 3485 quidem
970 3402 1071 3483 licuit,

63 3497 273 3516 *F—

18 3554 26 3601 ι
130 3541 164 3595 26
183 3559 239 3596 non
259 3541 331 3596 solet
346 3542 452 3611 Fprm
467 3543 535 3607 KJ,
555 3540 626 3595 solet
643 3557 700 3594 non
715 3543 753 3595 M
761 3543 855 3607 VDs,
870 3542 955 3594 ΚΠ.

18 3625 20 3660 ι
