2468 3938
165 166 227 229 112
599 171 627 228 0.
646 170 745 226 PLINI

127 346 242 410 arum,
266 331 410 414 aliosque
433 335 619 416 splendidos
640 337 771 420 equites
799 333 971 398 Romanos.
1019 329 1179 395 Curianus

162 419 283 503 orabat,
306 423 343 482 ut
366 421 428 484 sibi
452 421 604 490 donarem
627 427 810 510 portionem
838 444 942 486 meam
956 442 1065 504 seque
1087 442 1180 503 prae-

162 507 280 572 iudicio
312 508 464 594 iurarem,
501 514 634 579 eandem
670 515 769 578 tacite
805 510 1018 576 conventione
1055 511 1180 574 salvam

128 598 243 661 11111111
265 598 485 680 pollicebatur.
522 601 769 687 Respondebam
797 623 864 665 non
887 600 1058 664 convenire
1081 599 1180 662 mori-

163 686 223 750 bus
250 687 330 750 meis
358 688 445 751 aliud
472 691 593 774 palam,
615 691 704 756 aliud
731 711 826 776 agere
854 692 990 773 secreto,
1012 691 1182 771 praeterea
1209 717 1219 756 1

162 795 229 838 non
250 797 319 840 esse
342 777 420 840 satis
448 778 619 844 honestum
643 781 762 845 donare
789 783 822 844 11
844 779 999 862 locupleti
1027 781 1059 841 et
1086 775 1180 860 orbo,

162 865 197 926 in
215 885 340 928 summa
358 887 425 929 non
441 869 647 949 profuturum
666 871 705 953 ei,
723 871 751 934 11
769 868 948 950 donassem,
960 867 1181 950 profuturum,

163 953 190 1016 11
214 954 388 1037 cessissem,
412 977 481 1020 esse
504 961 612 1022 autem
635 981 687 1024 me
704 962 853 1042 paratum
877 955 1044 1038 cedere,si
1066 955 1181 1038 inique

128 1042 390 1107 4exheredatum
413 1045 495 1108 mihi
517 1047 663 1130 liqueret.
704 1047 757 1111 Ad
784 1047 846 1110 hoe
873 1045 941 1110 ille:
979 1043 1102 1129 ‘Rogo,
1127 1064 1181 1107 co·

163 1131 319 1216 gnoscas.'
349 1130 524 1198 Cunctatus
543 1138 676 1218 paulum
697 1134 857 1201 ‘Faciam’
877 1135 1010 1218 inquam
1030 1133 1054 1217 ‘3
1072 1153 1181 1215 nequa
1195 1163 1219 1202 ιο

163 1221 249 1285 enim
272 1220 375 1303 rideo,
399 1242 455 1286 cur
477 1224 546 1307 ipse
573 1247 625 1289 me
652 1227 809 1290 minorem
837 1226 962 1307 putem,
990 1243 1087 1306 quam
1116 1222 1181 1285 tibi

162 1309 280 1373 videor.
318 1308 381 1374 Sed
408 1312 473 1375 iam
501 1334 587 1377 nunc
613 1318 775 1379 memento
801 1335 868 1378 non
890 1312 1072 1377 defuturam
1095 1311 1181 1374 mihi

164 1399 391 1482 constantiam,
423 1401 451 1464 11
478 1402 524 1466 111
551 1402 630 1468 fides
659 1403 799 1479 duxerit,
832 1401 1007 1468 secundum
1039 1403 1180 1464 matrem

128 1501 144 1549 o
163 1491 252 1550 tuam
270 1489 522 1571 pronuntiandi'
557 1490 616 1556 ‘Ut
632 1492 733 1556 voles'
752 1493 808 1575 eit,
827 1491 850 1575 ’ς
868 1491 957 1555 voles
976 1490 1071 1572 enim,
1091 1489 1182 1572 quod

164 1577 414 1658 aequissimum?
449 1576 595 1643 Adhibui
622 1582 658 1644 in
684 1582 854 1646 consilium
879 1580 972 1662 duos,
996 1599 1077 1662 quos
1100 1583 1182 1642 tunc
1197 1609 1220 1647 rs

164 1665 276 1728 civitas
295 1669 404 1729 nostra
423 1669 674 1750 spectatissimos
692 1671 818 1751 habuit,
837 1667 1011 1734 Corellium
1030 1665 1182 1732 11111111-

129 1754 277 1819 otinum.
314 1752 375 1818 His
398 1756 614 1822 circumdatus
637 1760 672 1822 in
696 1759 844 1823 cubiculo
872 1780 944 1822 meo
972 1756 1048 1821 sedi.
1085 1755 1181 1819 Dixit

164 1839 329 1926 Curianus,
353 1865 435 1927 quae
457 1867 516 1928 pro
541 1868 574 1911 se
596 1848 740 1930 putabat.
781 1847 946 1930 Respondi
968 1846 1079 1929 paucis
1103 1867 1181 1931 0g03

163 1953 266 2015 neque
294 1932 379 1996 enim
408 1933 517 1998 aderat
545 1937 641 2018 alius,
670 1938 725 2020 qui
754 1937 921 2002 defunctae
948 1935 1105 2019 pudorem
1129 1937 1181 1998 tu-

164 2024 282 2104 eretur3
301 2021 415 2086 deinde
434 2025 549 2088 secessi
568 2029 600 2090 11
619 2048 658 2090 ex
677 2027 803 2090 consilii
827 2025 984 2090 sententia
1013 2023 1181 2088 ‘Videtur'
1195 2053 1220 2092 11

164 2110 296 2192 inquam
321 2111 340 2194 ‘,
368 2108 513 2197 Curiana,
545 2118 648 2179 mater
675 2119 731 2178 tua
759 2115 859 2180 instas
886 2114 1037 2178 habuisse
1066 2134 1180 2177 causas
1231 2151 1232 2156 1

165 2199 321 2263 irascendi
348 2200 430 2264 tibi'
469 2200 549 2266 Post
575 2203 638 2267 hoc
665 2204 720 2269 ille
745 2224 818 2267 cum
847 2204 959 2268 ceteris
988 2202 1182 2286 subscripsit

132 2303 146 2350 7
167 2290 394 2352 centumvirale
417 2289 581 2374 iudicium,
603 2313 670 2356 non
688 2292 877 2375 subscripsit
900 2311 1035 2356 meeum.
1071 2289 1181 2374 Adpe-

164 2376 253 2440 tebat
276 2377 387 2441 iudicii
410 2378 484 2444 dies.
524 2378 703 2446 (1111111111
726 2383 790 2446 mei
813 2402 993 2464 conponere
1021 2384 1053 2444 et
1076 2383 1180 2444 trans-

164 2467 251 2550 igere
274 2467 446 2550 cupiebant
473 2491 540 2532 non
565 2468 744 2534 diffidentia
767 2491 889 2552 causae,
913 2469 968 2534 sed
990 2473 1080 2533 metu
1098 2473 1180 2534 tem·
1194 2497 1219 2536 ss

163 2576 287 2638 porum.
329 2554 544 2641 Verebantur,
572 2559 658 2642 quod
688 2558 841 2626 videbant
872 2559 983 2623 multis
1015 2557 1180 2640 accidisse,

129 2659 145 2708 8
164 2667 204 2708 ne
228 2666 267 2708 ex
291 2646 514 2710 centumvirali
533 2648 651 2711 iudicio
671 2650 785 2730 capitis
803 2649 850 2712 rei
868 2649 1000 2712 exirent.
1025 2647 1180 2712 11111111

165 2733 295 2816 quidam
324 2735 358 2796 in
385 2735 463 2817 illis,
491 2736 607 2818 quibus
637 2738 722 2802 obici
750 2741 783 2802 11
806 2735 958 2800 Gratillae
981 2736 1123 2802 amicitia
1147 2740 1180 2800 et

164 2821 290 2886 Rustici
316 2827 433 2906 posset.
470 2823 600 2908 Rogant
627 2848 692 2908 me,
720 2829 757 2889 ut
784 2847 856 2889 cum
885 2823 1023 2889 Curiano
1053 2826 1179 2910 loquar.

130 2927 145 2974 9
166 2909 380 2976 Convenimus
403 2914 437 2976 in
456 2912 565 2977 aedem
585 2913 789 2980 Concordiae.
822 2913 873 2979 lbi
896 2936 955 3000 ego
985 2912 1035 2978 ‘Si
1057 2915 1179 2982 mater'
1194 2942 1220 2982 ao

165 3000 295 3082 inquam
327 2999 374 3064 ‘te
398 3024 437 3066 ex
459 3006 550 3084 parte
574 3008 687 3086 quarta
711 3005 890 3088 scripsisset
911 3003 1076 3087 heredem,
1098 3026 1179 3070 num

166 3090 257 3171 queri
278 3090 411 3172 posses?
444 3089 528 3167 Quid
552 3093 580 3156 si
602 3093 751 3157 heredem
771 3093 901 3177 quidem
925 3092 1120 3160 instituisset
1139 3117 1181 3159 ex

165 3197 243 3258 asse,
267 3177 322 3242 sed
344 3179 460 3264 legatis
483 3181 528 3244 ita
551 3182 759 3265 exhausisset,
782 3186 819 3246 ut
842 3204 908 3246 non
930 3183 1068 3266 amplius
1092 3183 1181 3267 apud

165 3270 197 3329 te
221 3288 317 3349 quam
341 3272 454 3350 quarta
476 3272 675 3335 remaneret?
705 3269 810 3356 Igitur
828 3271 974 3336 sufficere
993 3271 1055 3334 tibi
1074 3269 1182 3354 debet,

166 3356 194 3419 11
216 3355 425 3421 exheredatus
449 3380 467 3421 a
490 3363 592 3423 matre
615 3363 762 3443 quartam
789 3363 913 3444 partem
942 3360 982 3423 ab
1005 3361 1182 3426 heredibus
1196 3387 1219 3426 ss

238 3551 270 3600 13
289 3563 398 3600 mecum
416 3566 471 3602 non
490 3551 656 3620 subscripsit
675 3553 806 3620 RFpra.
