2480 3942
252 673 289 747 o.
324 673 458 746 rums
494 673 683 748 cuncus
720 637 927 749 succum

202 810 263 876 An
295 810 531 879 TRAIANUM
562 812 884 878 IMPERATOREM
918 814 975 879 ET

197 918 383 985 TRAIANI
400 918 697 985 IMPERATORIS
716 920 777 985 AD
796 919 984 987 PLINIUM

170 1062 1012 1166 EPISTULARUM

520 1273 660 1341 LIBER.

536 1457 643 1466 .-

278 1666 306 1714 c.
329 1665 468 1714 PLINIUS
494 1666 647 1714 TRAIANO
671 1666 898 1716 IMPERATORI.

147 1754 216 1820 Tua
236 1755 365 1840 quidem
382 1756 495 1840 pietus,
509 1756 684 1840 imperator
697 1758 907 1842 sanctissime,
921 1761 1096 1842 optaverat,
1115 1774 1129 1822 1

77 1850 116 1910 ut
145 1868 241 1929 quem
269 1845 449 1910 tardissime
476 1846 661 1912 succederes
687 1847 786 1931 petri3
818 1847 873 1912 sed
901 1847 934 1911 di
966 1847 1096 1911 immor-

36 1961 63 2000 ιο
79 1935 160 1999 tales
192 1934 425 1999 festinaverunt
456 1934 591 2000 virtutos
624 1939 696 1999 tuos
729 1936 769 2000 ad
802 1935 1018 2022 gubernacula
1050 1935 1096 2000 rei

78 2022 238 2108 publicae,
271 2046 367 2107 quam
400 2045 610 2108 susceperas,
626 2025 804 2089 admovere.
858 2023 977 2090 Precor
1009 2041 1130 2110 ergon

79 2117 117 2177 ut
144 2112 205 2176 tibi
233 2116 266 2177 et
291 2135 349 2196 per
375 2116 408 2178 te
435 2113 544 2198 generi
571 2113 713 2177 humano
741 2133 894 2197 prospers
922 2113 1039 2196 omnia,
1062 2113 1096 2177 id

79 2205 129 2267 est
157 2201 254 2287 digna
281 2202 408 2266 saeculo
436 2205 503 2285 tuo,
528 2203 725 2287 contingant.
770 2200 901 2267 Fortem
929 2205 962 2266 te
990 2206 1021 2266 et
1048 2202 1096 2265 hi-

78 2292 189 2374 larem,
211 2291 387 2374 imperator
409 2291 539 2374 optime,
563 2294 594 2354 et
616 2290 768 2374 privatim
797 2294 830 2355 et
851 2290 980 2374 publice
1008 2294 1095 2374 opto.

38 2475 65 2515 15
570 2454 609 2515 II.
769 2439 847 2521 V

281 2555 309 2603 (l.
332 2555 471 2604 PLINIUS
496 2555 649 2604 TRAIANO
673 2554 900 2604 IMPERATORI.

147 2644 346 2730 Exprimere,
374 2645 512 2728 domine,
539 2645 645 2710 verbis
672 2667 739 2709 non
766 2667 908 2730 possum,
939 2649 1130 2730 quantumi

71 2735 162 2800 mihi
185 2735 338 2821 gaudium
362 2735 517 2819 attuleris,
540 2735 627 2818 quod
651 2757 703 2799 me
727 2734 860 2820 dignum
882 2735 1006 2819 putasti
1028 2736 1096 2800 iure

81 2825 180 2888 trium
203 2825 387 2888 liberorum.
432 2822 584 2900 Quemvis
608 2824 693 2887 enim
716 2822 779 2888 Iuli
804 2821 958 2908 Serviani,
982 2825 1097 2908 optimi

40 2941 67 2981 so
80 2913 142 2977 viri
180 2912 291 2997 tuique
328 2913 554 2996 amantissimi,
587 2914 736 2996 precibus
773 2912 957 2997 indulseris,
989 2917 1097 2978 tamen

81 3003 179 3067 etium
203 3024 242 3066 ex
265 3002 420 3085 rescripto
444 3003 597 3087 intellego
620 3001 774 3066 libentius
801 3002 864 3066 hoc
892 3002 921 3066 ei
949 3005 981 3066 te
1007 3025 1096 3085 prae-

81 3091 212 3175 stitisse,
235 3091 311 3174 quia
337 3113 396 3174 pro
420 3112 471 3154 me
494 3089 638 3176 rogabat.
684 3089 805 3154 Videor
832 3111 908 3176 ergo
937 3108 1131 3156 summamc

80 3181 149 3245 voti
172 3180 236 3244 mei
260 3184 459 3264 consecutus,
485 3201 558 3244 cum
581 3179 665 3244 inter
691 3178 784 3243 initia
811 3179 989 3244 felicissimi
1011 3180 1098 3263 prin-

80 3270 206 3354 cipatus
230 3269 279 3333 tui
301 3269 485 3352 probaveris
509 3291 561 3333 me
584 3269 624 3332 ad
646 3268 839 3352 peculiarem
863 3268 1097 3354 indulgentiam

43 3385 67 3426 ss
80 3363 171 3424 tuom
194 3357 366 3444 pertinere,
391 3379 492 3441 eoque
517 3359 621 3444 magis
643 3357 762 3422 liberos
792 3358 993 3442 concupisco,
1017 3380 1097 3441 quos

155 3540 187 3588 19
206 3533 273 3587 Iulii
291 3552 318 3600 a,
337 3534 405 3588 KJ.
