2482 3942
363 171 620 228 EPISTULARUM
638 172 676 227 VI
696 179 720 240 1,
740 178 763 226 2.
1005 170 1069 237 139

51 335 115 401 sub
139 336 270 401 alterius
293 335 423 420 invidia,
447 359 544 420 quam
568 337 623 401 diu
645 337 734 420 velis,
752 339 785 400 et
803 336 838 400 in
856 337 961 400 alieno
980 337 1068 400 audi·

50 426 139 489 torio
172 425 265 508 quasi
297 424 530 508 deprehensum
558 425 725 491 commode
753 425 879 490 dicere?
925 423 988 489 Sed
1019 430 1069 490 ut·
1105 442 1122 490 4

52 535 193 597 eumque
221 536 255 578 se
282 513 402 578 habent
429 515 500 598 ista,
528 515 609 579 bene
632 514 709 579 fecit
732 514 886 600 Regulus,
910 514 997 597 quod
1020 517 1069 578 est

50 607 211 685 mortuus,
243 603 368 685 melius,
400 603 427 668 si
459 608 542 668 ante.
587 601 684 668 Nunc
716 603 801 668 enim
834 625 910 668 sane
942 606 1069 687 poterat

25 693 122 757 asine
149 692 236 756 malo
264 692 394 776 publico
426 693 533 757 vivere
565 694 626 758 sub
654 714 691 757 eo
724 693 878 776 principe,
910 692 970 757 'sub
1003 713 1067 776 quo

50 801 169 846 nocere
192 802 259 845 non
281 784 416 864 poterat.
461 779 537 847 Ideo
561 782 610 846 fas
634 786 682 847 est
705 804 771 846 non
793 804 970 866 numquam
993 803 1068 845 eum

51 891 215 952 quaerere.
247 866 342 954 Nam,
365 873 538 954 postquam
563 870 643 935 obiit
666 871 730 954 ille,
753 870 929 935 increbruit
947 871 1068 954 passim

50 963 83 1022 et
112 957 252 1023 invaluit
279 959 477 1023 consuetudo
505 959 598 1024 binas
626 961 678 1024 vel
705 961 848 1045 singulas
877 959 1068 1044 clepsydras,

49 1047 215 1112 interdum
248 1048 344 1112 etiam
377 1047 524 1113 dimidias
557 1053 590 1114 et
617 1047 714 1113 dandi
741 1052 773 1114 et
799 1048 937 1132 petendi.
974 1046 1068 1131 Nam,
1105 1065 1121 1113 o

11 1163 36 1204 ιι
50 1140 83 1201 et
108 1137 166 1220 qui
195 1137 318 1220 dicunt,
342 1138 445 1222 egisse
471 1137 596 1202 malunt
619 1158 716 1220 quam
739 1158 847 1224 agere,
875 1141 907 1200 et
935 1137 991 1221 qui
1014 1160 1068 1202 au-

49 1226 156 1308 diunt,
178 1225 272 1290 finire
295 1248 391 1310 quam
414 1226 594 1322 iudicares
609 1226 713 1290 Tanta
740 1227 954 1312 neglegentia,
977 1229 1068 1291 tanta
1125 1251 1182 1324 V

49 1315 184 1397 desidia,
210 1317 302 1378 tanta
328 1314 465 1398 denique
493 1316 705 1380 inreverentia
731 1315 912 1381 studiorum
943 1314 1068 1400 pericu·

47 1406 224 1488 lorumque
247 1407 303 1467 est.
349 1401 402 1467 An
425 1425 484 1468 nos
508 1405 717 1488 sapientiores
740 1404 916 1470 maioribus
939 1404 1067 1488 nostris,
1105 1419 1121 1469 6

48 1515 111 1558 nos
138 1493 267 1578 legibus
294 1493 372 1576 ipsis
401 1492 564 1576 iustiores,
591 1514 673 1576 quae
700 1497 750 1557 tot
777 1494 886 1576 horas,
913 1497 964 1558 tot
992 1491 1068 1576 dies,

13 1608 35 1648 ιι
48 1587 101 1647 tot
126 1581 479 1665 comperendinationes
502 1581 705 1668 largiuntur?
729 1581 861 1652 hebetes
885 1583 934 1648 illi
962 1585 995 1647 et
1017 1605 1069 1647 su-

47 1693 110 1755 pra
133 1670 266 1734 modum
289 1671 382 1753 tardi,
404 1693 464 1735 nos
488 1672 630 1754 apertius
649 1672 795 1754 dicimus,
819 1672 953 1736 celerius
975 1672 1069 1736 intel-

48 1759 200 1846 legimus,
218 1760 400 1844 religiosius
419 1759 607 1842 iudicamus,
628 1761 703 1844 quia
720 1761 926 1843 paucioribus
946 1762 1069 1844 clepsy·
1090 1767 1092 1774 ’

49 1849 118 1913 dris
142 1848 391 1934 praecipitamus
415 1869 536 1932 causas,
560 1871 656 1932 quam
676 1849 788 1914 diebus
812 1850 965 1933 explicari
988 1849 1067 1913 sole-

49 1938 153 2004 bant?
187 1935 371 2022 ORegole,
391 1939 447 2021 qui
465 1937 640 2002 ambitione
659 1938 700 2002 ab
720 1939 869 2003 omnibus
889 1938 1067 2022 obtinebas,
1105 1955 1120 2003 7

12 2027 139 2110 eoquod
171 2025 247 2090 fidei
279 2028 465 2110 paucissimi
496 2029 675 2110 praestanti
720 2027 880 2110 Equidem
917 2028 1066 2111 quotiens

46 2113 170 2198 iudico,
204 2114 291 2198 quod
323 2116 374 2179 vel
407 2117 533 2199 saepius
561 2117 656 2199 facio,
684 2137 781 2199 quam
804 2117 886 2201 dico,
909 2121 1067 2200 quantum

48 2206 124 2289 quis
152 2203 329 2287 plurimum
357 2205 501 2288 postulat
533 2227 648 2289 aquae,
676 2204 725 2269 dc.
775 2205 906 2270 Etenim
933 2210 1068 2270 temera·
1104 2221 1120 2268 8

3 2311 4 2326 ¹
46 2296 137 2358 rium
162 2293 310 2357 existimo
335 2293 485 2376 divinare,
510 2314 607 2376 quam
631 2295 773 2376 spatiosa
796 2296 838 2359 sit
861 2314 957 2358 causa
979 2295 1067 2358 inau-

3 2431 4 2460 ,
48 2384 127 2467 dita,
152 2384 344 2465 tempusque
367 2383 499 2468 negotio
522 2383 624 2465 stoue,
652 2383 741 2447 cuius
769 2384 902 2448 modum
929 2384 1068 2468 ignores,

13 2495 35 2537 ιι
48 2471 241 2556 praesertim
259 2491 333 2535 cum
352 2473 490 2555 primam
505 2470 656 2557 religioni
674 2493 750 2535 suae
763 2473 860 2537 iudex
878 2472 1067 2556 patientiam

3 2637 4 2644 ἵ
48 2560 176 2644 debeat,
204 2582 285 2643 quae
311 2563 387 2643 'pars
414 2582 533 2646 magna
560 2559 703 2625 iustitiae
731 2565 788 2625 est.
832 2559 879 2625 At
911 2561 1067 2644 quaedam

49 2669 250 2733 supervacua
278 2648 435 2712 dicuntur.
481 2648 603 2735 Etiam,
632 2649 687 2714 sod
715 2651 815 2714 satius
843 2653 892 2714 est
924 2654 956 2714 et
987 2649 1068 2714 haec

49 2737 114 2804 dici
154 2759 250 2821 quam
285 2759 350 2801 non
383 2737 446 2802 dici
481 2739 667 2802 necessaria.
713 2737 897 2821 Praeterea,
929 2760 970 2802 an
1002 2738 1068 2802 sint
1104 2755 1120 2802 9

3 2893 4 2912 ,
49 2847 259 2912 supervacua,
281 2827 345 2891 nisi
368 2847 441 2891 cum
464 2828 612 2910 audieris,
635 2827 716 2891 scire
738 2848 805 2892 non
826 2827 939 2910 possis.

13 2941 36 2980 ιο
119 2914 184 2980 Sed
207 2915 246 2979 de
268 2915 319 2980 his
338 2916 452 2980 melius
473 2937 581 2980 coram
599 2920 636 2980 ut
655 2916 694 2980 de
712 2917 860 2999 pluribus
881 2917 968 2981 vitiis
993 2916 1068 2981 civi-

49 3004 139 3070 tatis.
164 3002 250 3068 Nam
264 3007 302 3067 tu
316 3026 445 3088 quoque
458 3005 481 3088 ιι
495 3027 603 3071 amore
622 3007 841 3069 communium
861 3005 944 3070 soles
964 3027 1067 3070 omen-

49 3091 121 3158 dari
150 3114 279 3176 cupere,
307 3114 388 3176 quae
420 3095 485 3157 iam
514 3095 673 3180 corrigere
706 3093 837 3158 difficile
869 3098 926 3158 est.
971 3092 1068 3160 Nunc

3 3207 4 3212 ¹
49 3181 261 3267 respiciamus
299 3181 411 3247 domos
447 3187 583 3247 nostras.
633 3182 760 3266 Ecquid
797 3184 904 3247 omnia
941 3183 976 3247 in
1012 3188 1068 3248 tua
1087 3199 1121 3248 10

49 3272 159 3336 recte?
182 3272 217 3335 in
239 3292 311 3335 mea
328 3271 405 3335 novi
428 3272 518 3336 nihil.
555 3271 636 3335 Mihi
655 3276 762 3336 autem
781 3277 814 3336 et
832 3273 974 3358 gratiora
992 3277 1068 3338 sunt

126 3486 158 3536 19
178 3484 235 3551 opt.
257 3484 300 3548 M,
315 3483 381 3536 K.I
394 3465 426 3536 at
441 3484 463 3536 Ι
466 3487 492 3536 8.
503 3487 528 3537 6.
601 3487 634 3535 31
654 3487 672 3549 †
691 3484 765 3549 odd,
784 3483 925 3537 communi
943 3483 1068 3537 omnium

51 3554 123 3608 coni.
145 3555 280 3620 Monens,
300 3554 489 3607 communium
508 3569 617 3608 morum
635 3555 705 3609 coci.
726 3555 829 3626 Gierip.
