2480 3942
403 153 662 208 EPISTULARUM
681 158 793 210 74-78.
1041 155 1107 220 283

444 317 581 394 axxvr.
605 317 750 402 [cxxx]

439 423 612 472 TRAIANUS
636 424 765 473 PLINIO.

157 510 259 577 Iulius
281 512 406 598 Largus
436 513 533 578 fidem
558 517 666 597 tuam,
696 514 788 598 quasi
818 518 850 578 te
878 515 958 580 bene
988 517 1106 597 nosset,

85 602 196 687 elegit.
243 600 328 678 Quid
354 623 430 688 ergo
460 603 665 687 potissimum
693 604 734 668 ad
760 604 1009 688 perpetuitatem
1042 625 1106 668 me-

52 691 211 757 smoriae
234 691 301 756 eius
324 691 436 775 faciat,
464 692 640 757 secundum
669 693 823 778 cuiusque
852 693 916 757 loci
946 692 1105 757 condicio-

84 801 163 844 nem
191 781 260 863 ipse
290 780 410 864 dispice
440 784 485 864 et,
517 780 604 865 qued
626 781 833 866 pufissimum
863 782 1105 865 existimaveris,

84 869 122 932 id
146 890 285 952 sequere.

430 981 577 1040 axxvu
602 976 763 1061 [arm]

287 1081 314 1129 C.
340 1081 479 1130 PLINIUS
504 1082 657 1131 TRAIANO
681 1083 907 1131 IMPERATORI.

36 1197 67 1237 10
153 1169 451 1254 Providentissime,
480 1172 622 1256 domine,
648 1173 769 1256 fecisti,
797 1174 884 1257 quod
912 1152 1137 1257 praecepistis

86 1257 261 1342 Calpurnio
284 1259 402 1343 Macro,
426 1262 603 1326 merissime
626 1261 710 1344 viro,
738 1266 774 1326 ut
796 1262 1010 1347 legionarium
1033 1282 1104 1326 cen-

85 1349 251 1414 turionem
265 1348 457 1432 Byzantium
480 1351 632 1416 mitteret.
673 1349 813 1434 Dispice,
836 1373 878 1414 an
896 1351 993 1415 etiam
1007 1348 1139 1416 lulio-2

84 1437 241 1522 politanis
273 1439 372 1504 simili
403 1438 528 1504 ratione
560 1440 791 1504 consulendum
823 1443 933 1524 putes,
966 1460 1103 1523 quorum

86 1527 216 1609 civitas,
253 1547 325 1591 cum
363 1527 405 1592 sit
436 1529 624 1613 perexigua,
661 1550 759 1592 onera
790 1529 930 1593 maxima
966 1528 1104 1594 sustinet

38 1641 69 1683 15
86 1619 245 1701 tantoque
268 1616 430 1701 graviores
458 1617 606 1699 iniurias,
635 1621 754 1701 quanto
779 1621 828 1682 est
850 1618 1022 1701 infirmior,
1048 1641 1103 1702 pa-

85 1705 176 1768 titur,
223 1702 385 1789 Quidquid
415 1709 522 1770 autem
550 1704 789 1790 Iuliopolitanis
821 1708 1037 1790 praestiteris,
1069 1707 1138 1771 ida

86 1793 185 1857 etiam
214 1794 276 1858 toti
305 1794 490 1879 provinciae
519 1795 669 1879 proderit.
716 1793 798 1860 Sunt
821 1796 907 1861 enim
936 1797 972 1860 in
999 1797 1103 1880 capite

85 1881 259 1964 Bithyniae
272 1884 483 1967 plmimisque
496 1907 553 1967 per
572 1906 642 1949 eam
662 1885 916 1951 commeantibus
930 1885 1102 1951 transitum

84 1971 248 2056 praebent.

35 2104 70 2144 ,ο
190 2088 194 2094 ’
413 2083 575 2142 axxvm.
600 2079 776 2164 [armi]

433 2184 605 2234 carrarca
630 2184 782 2244 Parma,

152 2273 202 2338 Ba
231 2274 376 2339 condicio
410 2279 458 2340 est
488 2275 629 2340 civitatis
658 2273 888 2360 Byzantiorum
921 2274 1135 2341 confluentel

84 2361 227 2446 undique
244 2364 280 2427 in
298 2386 368 2428 eam
388 2365 636 2429 commeantium
654 2364 758 2447 turba,
776 2368 814 2428 ut
835 2365 1010 2428 secundum
1029 2385 1102 2430 con-

86 2451 287 2516 suetudinem
317 2453 576 2536 praecedentium
608 2456 790 2537 temporum
822 2453 1000 2518 honoribus
1033 2454 1100 2518 eius

37 2565 69 2606 aa
84 2540 244 2625 praesidio
259 2542 454 2607 centurionis
464 2542 639 2627 legionarii
645 2540 875 2607 consulendum
885 2542 1101 2608 habuerimus.

84 2627 123 2694 Si
146 2626 382 2714 Iuliopolitanis
409 2631 657 2696 succurrendum
681 2631 794 2696 eodem
819 2631 915 2696 modo
940 2632 1101 2715 putareri-

83 2739 166 2800 mus,
190 2719 392 2784 onerabimus
409 2741 471 2784 nos
491 2722 646 2803 exemplo.
677 2718 790 2785 Plures
809 2720 904 2804 enim,
927 2725 960 2785 et
979 2725 1099 2804 quanto
1119 2737 1134 2786 a

83 2806 276 2872 infirmiores
307 2811 414 2892 erunt,
441 2809 526 2873 idem
556 2861 561 2872 .
586 2860 592 2872 .
618 2860 624 2872 .
654 2809 804 2873 fiduciam
833 2809 1019 2896 diligentiae
1045 2809 1100 2873 ha-

84 2897 159 2978 bac,
191 2899 229 2959 ut
256 2897 383 2961 credam
405 2901 437 2962 te
461 2899 549 2962 omni
571 2897 696 2962 ratione
724 2898 756 2961 id
780 2902 941 2984 acturum,
971 2921 1012 2963 ne
1036 2899 1100 2963 sint

39 3011 68 3050 ac
83 2984 217 3048 obnoxii
240 2985 374 3051 inimiis.
421 2985 456 3051 si
484 2987 539 3071 qui
567 2991 674 3051 autem
699 3008 733 3052 se
757 2990 868 3051 contra
898 2987 1099 3071 disciplinam
1119 3004 1135 3053 3

82 3095 189 3137 meam
212 3075 386 3160 gesserint,
416 3076 525 3141 statim
554 3079 772 3159 cotirceantur3
804 3079 873 3159 aut,
896 3076 923 3140 si
945 3077 1020 3160 plus
1047 3074 1100 3140 ad-

82 3163 245 3248 miserint,
275 3186 371 3247 quam
394 3168 431 3229 ut
454 3166 488 3229 in
510 3187 544 3230 re
566 3165 728 3250 praesenti
756 3165 833 3230 satis
860 3165 1048 3250 puniantur,
1071 3167 1100 3231 si

158 3396 191 3445 15
211 3395 254 3446 est
273 3411 299 3458 a,
319 3395 348 3446 et
366 3392 404 3446 K.
479 3397 512 3446 27
531 3392 607 3447 enim
625 3394 705 3446 tanto
724 3393 815 3462 magis
830 3393 929 3448 eadem
946 3394 1098 3464 requirent,

81 3463 190 3531 quanto
208 3462 258 3518 inf.
277 3482 297 3518 a
314 3495 350 3504 —
368 3462 444 3518 idem
462 3465 561 3534 petent
580 3465 718 3530 Remota„
737 3466 806 3519 KJ.
880 3471 913 3520 28
932 3465 1099 3536 diligentiae

80 3536 149 3587 tuae
170 3535 277 3602 Oetam,
297 3535 366 3603 K.1,
385 3535 468 3590 idem.
488 3535 583 3589 Fidus.
599 3534 647 3591 dil.
665 3535 1062 3610 habcodefcad.Staa9167d.
