2458 3940
137 145 201 208 318
572 144 598 198 o.
618 123 717 198 Pnnu

136 329 236 390 peres,
250 311 287 371 ut
305 308 455 372 dimissus
475 310 585 372 osculo
603 309 719 392 fueras,
734 312 871 394 gratum,
888 307 1156 391 quodequcstnis

138 397 258 460 ordinis
277 397 391 461 decora
409 398 532 462 honore
548 399 717 462 nominum
737 399 806 462 sine
824 398 984 461 monitore
998 395 1157 479 signares,

138 489 279 570 gratum,
312 486 398 569 quod
429 490 556 552 tantum
588 507 651 551 noc
682 488 769 551 ultro
799 486 970 550 clientibus
1002 485 1156 548 salutetis

102 574 291 656 equasdam
317 575 546 640 familiaritatis
579 580 672 640 notes
705 576 845 658 adderes,
877 575 999 662 gratius
1031 576 1157 654 temen,

137 663 224 745 quod
238 665 356 728 sentim
370 668 404 728 et
416 663 549 748 placide,
563 668 596 729 et
611 668 766 747 quantum
785 663 1035 749 respectentium
1054 661 1157 726 turbe
1184 687 1196 726 ι

137 755 308 834 pateretur,
321 753 491 836 incederes,
506 754 593 836 quod
611 753 846 818 occursantium
862 754 1001 838 populus
1020 755 1054 814 te
1072 771 1155 834 quo—

137 863 207 925 que,
230 845 262 905 te
284 842 385 906 immo
407 843 547 906 maxime
570 846 698 925 artaret,
721 843 808 926 quod
834 843 939 926 primo
965 841 1075 905 stetim
1101 839 1155 904 dic

101 932 220 994 elatus
240 934 332 994 tuum
351 931 493 996 crederer
513 931 670 996 omnibus.
707 930 821 1015 Neque
839 932 925 995 enim
944 931 1084 1013 stipatus
1105 950 1154 992 ss—
1217 927 1218 1008 J

136 1020 276 1085 tellitum
299 1043 406 1103 manu,
428 1020 484 1084 sed
506 1020 718 1084 circumfusus
741 1019 883 1102 undique
905 1040 992 1083 nunc
1010 1021 1155 1099 senatus,

136 1129 221 1172 nunc
244 1110 401 1192 equestris
424 1109 545 1174 ordinis
568 1109 656 1192 flore,
673 1112 770 1193 prout
792 1110 983 1173 alterutrum
1001 1107 1155 1189 frequen·
1170 1134 1195 1172 m

136 1199 199 1261 tine
223 1219 323 1283 genus
346 1199 542 1281 invaluisset,
566 1199 695 1264 silentes
715 1199 904 1281 quietosque
921 1198 1053 1262 lictores
1075 1199 1155 1259 tuus
1217 1229 1218 1248 ÷

137 1286 384 1371 subsequebcr03
406 1309 481 1351 nam
504 1289 626 1352 milites
653 1287 736 1351 nihil
759 1311 777 1350 a
800 1287 895 1370 plebe
917 1285 1042 1368 habitu,
1064 1287 1155 1348 tran-

101 1393 117 1438 4
137 1377 306 1458 quillitate,
329 1376 486 1441 modestia
508 1377 705 1442 differebant.
742 1375 808 1441 Ubi
831 1397 907 1440 vero
931 1375 1067 1458 coepisti
1094 1371 1154 1436 (le-

135 1463 285 1547 pitolium
318 1465 499 1547 oscendere,
533 1487 627 1548 quam
661 1468 747 1530 laete
782 1467 932 1529 omnibus
964 1463 1153 1546 adoptionis

135 1558 209 1618 tuae
236 1555 423 1638 recordatio,
452 1576 548 1638 quem
575 1555 735 1639 peculiare
763 1555 916 1638 gaudium
944 1574 1066 1634 eorum,
1095 1553 1154 1635 qui
1168 1563 1218 1626 ιιι

136 1646 168 1706 te
190 1643 288 1726 primi
311 1643 423 1707 eodem
446 1645 518 1708 loco
544 1645 760 1708 salutaverunt
783 1643 1025 1727 imperatorem!
1063 1639 1154 1717 Quin
1217 1641 1218 1686 1

137 1732 232 1794 etiam
248 1730 342 1795 deum
356 1734 461 1815 ipsum
475 1739 600 1814 patrem
619 1736 711 1796 tuum
729 1734 933 1816 praecipuum
946 1732 1151 1814 voluptutem

101 1821 241 1903 soporis
260 1821 310 1883 sui
327 1822 507 1904 percepisse
526 1822 722 1886 crediderim.
754 1819 863 1903 thue
881 1821 983 1886 isdem
1000 1820 1152 1904 vestigiis

136 1909 284 1972 institisti
307 1910 423 1992 quibus
444 1933 560 1995 parens
584 1914 659 1974 tuus
684 1912 796 1995 ingens
819 1909 902 1974 illud
920 1909 1052 1974 deorum
1074 1929 1151 1991 pro-

134 1999 257 2062 laturus
286 2019 449 2082 crcrmnm,
478 2021 559 2082 quae
586 1998 863 2064 circumstantium
892 1997 1020 2084 gaudie,
1049 2018 1151 2079 quum
1166 2023 1196 2061 ss

135 2108 244 2151 recens
268 2086 397 2171 clamor,
420 2110 516 2171 quom
540 2088 656 2153 similis
678 2088 728 2152 illi
751 2087 823 2172 diei,
843 2089 900 2171 qui
921 2087 1008 2151 hunc
1025 2087 1151 2171 genuit,

136 2177 215 2240 dies!
238 2180 276 2240 ut
298 2178 393 2260 plene
414 2177 581 2261 ultoribus,
599 2181 736 2262 anguste
754 2177 895 2241 victimis
914 2179 1037 2258 cuncta,
1056 2178 1095 2238 ut
1114 2176 1151 2238 in

134 2266 230 2330 unius
258 2265 393 2330 salutem
422 2265 539 2330 colluto
566 2267 709 2331 omnium
737 2269 825 2331 votet
854 2288 927 2330 cum
956 2265 1019 2329 sibi
1045 2284 1079 2327 se
1109 2285 1150 2328 ec

134 2354 245 2418 liberis
268 2355 334 2418 suis
357 2355 581 2440 intellegerent
599 2355 731 2439 precari,
751 2377 832 2439 quae
852 2377 912 2440 pro
930 2357 963 2418 te
981 2373 1149 2437 preceren-
1217 2355 1218 2360 ’

100 2447 195 2506 otur.
236 2441 314 2507 Inde
344 2447 380 2510 tu
409 2445 444 2508 in
470 2445 626 2528 palatium
657 2444 800 2528 quidem,
826 2444 881 2508 sed
909 2465 947 2508 eo
975 2441 1081 2524 vultu,
1109 2465 1150 2506 ee
1164 2467 1191 2505 ss

134 2532 362 2617 moderatione,
384 2537 421 2596 ut
444 2533 472 2596 si
494 2534 653 2616 privatum
676 2533 807 2598 domum
827 2536 967 2617 peteres3
991 2531 1088 2595 ceteri
1106 2531 1150 2594 sd
1217 2565 1218 2580 ι

134 2624 266 2704 penates
289 2643 363 2686 suos
387 2622 522 2705 quisquc
540 2623 714 2687 iteraturus
731 2622 841 2708 gaudii
859 2621 966 2704 fidem,
983 2619 1040 2684 ubi
1056 2618 1152 2684 nulla

133 2710 305 2774 necessitas
330 2710 488 2796 gaudendi
511 2715 569 2775 est.
1217 2781 1218 2790 ¹

82 2799 129 2864 24
202 2796 373 2864 Oneresset
395 2799 494 2864 alium
515 2801 583 2864 eius
607 2801 695 2865 modi
712 2800 874 2883 introitus,
896 2803 933 2863 tu
957 2797 1075 2864 cotidie
1093 2797 1148 2860 ud-

135 2888 313 2952 mirebilior
333 2892 365 2952 et
383 2890 507 2972 melior,
525 2889 600 2954 tulis
619 2889 764 2972 denique,
783 2888 893 2972 quales
911 2886 968 2952 elii
985 2887 1147 2971 principes
1164 2912 1190 2951 ιο

133 2977 260 3040 futuros
279 3000 313 3042 se
332 2981 458 3042 tantum
476 2978 677 3062 pollicentur.
711 2976 823 3042 Solum
842 2998 919 3062 ergo
936 2981 969 3040 te
987 2995 1148 3041 commen-

206 3177 238 3224 17
257 3170 350 3239 ipsum
364 3174 474 3240 putrem
487 3173 569 3224 tuum
583 3172 722 3238 Beroald,
732 3172 819 3238 ΚΠ,
834 3171 945 3236 Baetr„
958 3170 1051 3239 ipsum
1063 3169 1148 3224 hrum

134 3243 220 3309 codd,
239 3242 332 3310 ipsum
350 3244 411 3296 tum
425 3243 529 3308 Licin,
547 3242 641 3310 ipsum
654 3244 723 3296 tunc
736 3243 804 3297 KJ.
879 3245 912 3296 18
930 3239 1025 3310 thue
1038 3241 1147 3295 Burb.

135 3317 239 3379 170sq.,
257 3315 290 3365 ut
309 3313 423 3379 quidem
437 3315 523 3378 codd,
538 3315 586 3380 K„
603 3315 691 3382 utque
706 3314 771 3367 dein
786 3315 887 3368 Baetr.
968 3318 1001 3365 21
1025 3310 1068 3364 illi
1087 3311 1147 3365 diei

135 3381 183 3447 qui
205 3381 280 3435 hune
323 3383 402 3438 enuit
427 3384 486 3437 dies
510 3385 618 3452 Ictim,
643 3383 687 3438 illi
712 3384 784 3452 dies,
808 3384 857 3452 qui
882 3385 957 3438 hunc
982 3398 1045 3453 gen.
1069 3383 1147 3438 diem

134 3451 220 3532 codd„
239 3453 286 3518 K„
304 3453 315 3504 i
339 3453 346 3465 ‘
366 3454 415 3521 qui
433 3454 508 3508 hunc
526 3471 587 3524 gen.
608 3455 669 3510 dies
688 3456 788 3524 Haupt
806 3457 900 3510 Hem.
916 3455 994 3522 V27,
1016 3453 1060 3508 illi
1084 3453 1146 3508 dies

135 3537 184 3587 qm
202 3521 276 3574 hune
295 3524 393 3591 genuit
411 3526 511 3580 Raelm
