2482 3942
164 148 230 213 220
600 146 627 202 C.
647 146 745 201 PLINI

130 329 146 378 8
166 333 247 396 spes,
270 315 320 375 tot
343 311 459 397 gaudia
482 311 548 375 dies
572 333 655 375 unns
677 311 713 374 in
736 310 860 374 diversa
884 309 1051 374 convertit.
1086 307 1183 373 Modo

159 401 351 486 ,designatus
366 400 486 483 aedilis,
503 420 614 464 recens
627 399 772 482 maritus,
785 420 895 464 recens
914 402 1005 482 pater
1023 398 1184 464 intactum
1218 439 1219 464 1

165 491 335 572 honorem,
363 489 474 553 orbam
496 493 647 572 matrem,
673 487 803 552 viduam
826 509 977 570 uxorem,
999 487 1106 550 filiam
1131 511 1184 571 pu-

165 578 278 663 pillam
310 579 520 665 ignaramque
551 578 653 661 patris
686 578 825 660 reliquit.
803 576 1010 642 ttAccedi
1041 577 1186 640 lacrimis

62 695 64 702 ’
102 689 106 698 ·
166 668 260 751 meis,
284 667 371 750 qnod
393 667 564 731 absenset
550 666 771 750 tinpendent
762 689 789 732 11
747 667 891 731 tmali
913 666 1039 731 nescius
1062 667 1214 749 pariters

167 778 309 842 aegrum,
331 756 451 839 pariter
474 756 645 821 decessisse
669 756 823 841 cognovi,
848 777 891 819 ne
914 755 1109 841 gravissimo
1134 755 1186 818 do-

165 847 227 910 lori
251 846 367 910 timore
396 865 644 910 consuescerem.
689 842 729 908 ln
755 845 836 908 tant
828 865 855 907 1s
885 844 1056 909 tormentis
1089 867 1186 926 eram,

166 957 240 1000 cum
264 934 435 999 scriberem
458 933 546 1017 haec,
569 933 742 999 scriberem
766 935 847 998 sola·
840 955 974 1017 ,neque
992 934 1080 997 enim
1101 955 1185 998 nnnc

166 1024 254 1088 aliud
277 1026 334 1086 aut
357 1023 501 1109 cogitare
524 1026 581 1087 aut
603 1022 694 1106 loqui
717 1043 859 1106 possum.
895 1021 985 1086 Vale.

620 1187 727 1248 XXIV.
1196 1210 1212 1247 a

429 1288 458 1337 C.
481 1288 620 1335 PLINIUS
645 1288 783 1336 MAXIMO
808 1287 873 1336 SUO
898 1287 923 1336 S.

131 1399 144 1444 1
232 1378 335 1444 Amor
356 1379 391 1443 in
414 1382 446 1442 te
469 1399 560 1443 meus
584 1378 681 1463 cogit,
702 1399 769 1441 non
792 1382 829 1442 ut
846 1378 1040 1462 praecipiam
1066 1375 1183 1464 (neque
1221 1358 1222 1394 ¹

166 1469 251 1533 enim
283 1470 489 1552 praeceptore
521 1465 621 1553 eges),
651 1467 840 1532 admoneam
872 1471 989 1550 tamen,
1020 1470 1072 1550 ut,
1104 1489 1182 1550 qnae

131 1558 238 1640 escis,
270 1561 379 1621 teneas
409 1560 442 1620 et
474 1557 623 1620 observes
655 1559 711 1620 111
738 1557 820 1621 scias
843 1557 967 1620 melius.
1012 1553 1132 1642 Cogita
1153 1561 1182 1620 te

165 1647 301 1711 missum
320 1646 354 1708 in
372 1645 572 1728 provinciam
585 1643 751 1728 Achaiam,
774 1645 864 1709 illam
883 1667 990 1709 veram
1009 1650 1044 1709 et
1061 1667 1180 1711 meram
1193 1664 1223 1709 1

167 1733 345 1816 Graeciam,
377 1734 412 1797 in
435 1755 498 1817 qna
520 1734 661 1817 primum
688 1733 887 1817 humanitas,
912 1735 1055 1817 litterae,
1085 1736 1179 1800 etiam

165 1824 275 1909 fruges
294 1823 442 1886 inventae
466 1844 535 1886 essa
554 1823 734 1905 creduntur,
757 1825 891 1887 missum
910 1823 951 1886 ad
970 1823 1179 1888 ordinandum

167 1916 287 1976 statum
310 1912 483 1975 liberarum
503 1911 680 1995 civitatum,
703 1911 736 1974 id
755 1916 804 1976 est
822 1911 862 1975 ad
875 1911 1023 1976 homines
1042 1914 1179 1976 maxime
1223 1968 1224 1985 ,

165 2001 326 2085 homines,
363 2001 404 2065 ad
431 2000 550 2065 liberos
582 2002 722 2064 maxime
755 2001 889 2083 liberos,
921 2001 977 2084 qui
1004 2002 1055 2066 111
1082 2025 1103 2065 a
1130 2023 1179 2065 na

165 2095 239 2154 tura
262 2091 372 2153 datum
395 2090 529 2173 virtute,
552 2090 690 2173 meritis,
719 2089 870 2173 amicitia,
893 2089 1020 2155 foedere
1044 2090 1209 2174 deniquero

131 2183 198 2245 aet
225 2179 381 2265 religione
408 2182 588 2243 tennerunt.
648 2177 805 2243 Reverere
833 2179 1014 2244 conditores
1044 2179 1122 2244 deos
1151 2183 1179 2243 et

166 2269 299 2333 numina
332 2268 483 2350 deorum,
519 2289 663 2332 reverere
695 2266 832 2354 gloriam
864 2273 1005 2332 veterem
1038 2271 1071 2333 et
1100 2269 1178 2332 hanc

165 2358 270 2441 ipsam
293 2360 505 2440 senectutem,
535 2377 616 2438 quae
640 2357 675 2419 in
696 2355 828 2421 homine
850 2358 1084 2440 venerabilis,
1075 2381 1111 2422 m
1133 2381 1179 2421 nr-

166 2447 261 2510 bibns
286 2468 382 2511 sacra.
425 2443 475 2509 Sit
497 2445 620 2529 apudt
605 2444 766 2509 tehonor
789 2446 984 2529 antiquitati,
1007 2447 1082 2510 sit'
1073 2469 1177 2533 mgen-

164 2535 253 2600 tibns
275 2535 384 2618 factis,
413 2535 455 2599 111
441 2533 595 2598 tfabulis
624 2555 761 2616 quoque.
806 2532 900 2598 Nihil
930 2557 969 2598 11
994 2535 1208 2619 cuiusquama

167 2624 337 2710 dignitate,
365 2622 449 2687 nihil
472 2645 511 2686 11
529 2623 693 2705 libertate,
719 2623 803 2687 nihil
826 2624 925 2688 etiam
948 2646 988 2688 11
1010 2625 1177 2688 iactatione

130 2733 147 2779 4
167 2713 371 2797 decerpseris.
408 2711 580 2776 Habet
524 2715 599 2776 ante
623 2713 733 2776 oculos
755 2711 840 2776 hanc
863 2735 931 2777 1111
954 2718 1082 2796 terram,
1102 2735 1177 2796 qnae

166 2803 261 2867 nobis
284 2803 408 2867 miserit
431 2802 510 2882 iura,
540 2822 621 2883 quae
643 2802 731 2887 leges
754 2824 821 2866 non
843 2802 946 2885 victis,
970 2801 1025 2866 sed
1047 2803 1177 2885 petenti·

166 2892 226 2956 bus
251 2891 382 2974 dederit,
405 2889 550 2956 Athenas
575 2911 652 2972 esse,
676 2911 755 2973 quas
779 2890 886 2974 adeas,
909 2890 1175 2956 Lacedaemonem

166 3003 244 3064 esse,
259 3002 355 3064 qnam
370 3000 476 3065 regas3
499 2979 616 3062 quibus
630 2979 787 3062 reliquam
802 2980 949 3044 umbram
969 2984 1001 3044 et
1019 2981 1174 3044 residuum
1186 3003 1206 3042 a

166 3069 325 3134 libertatis
348 3090 467 3133 nomen
490 3068 612 3152 eripere
636 3068 765 3152 durum,
788 3068 906 3152 ferum,
929 3069 1101 3134 barbarum
1125 3074 1174 3134 est.

239 3249 253 3296 1
283 3244 393 3298 diversa
411 3262 442 3310 a,
471 3243 533 3297 adv.
554 3245 597 3309 M,
612 3243 650 3296 K.
740 3248 758 3294 4
785 3242 971 3313 ignaramque
990 3261 1022 3308 1,
1043 3244 1105 3298 Otto
1119 3249 1173 3308 304,

166 3315 224 3383 ign.
244 3314 289 3366 avi
309 3315 371 3379 Mr,
384 3315 538 3384 K.I,1gn
559 3284 628 3398 [111]
648 3313 734 3367 KH.
826 3318 842 3365 7
869 3314 969 3367 timore
989 3333 1021 3379 1,
1044 3315 1173 3378 masor,

166 3389 292 3465 tempore
312 3387 355 3451 M,
369 3386 407 3439 K.
481 3391 514 3438 14
535 3385 607 3439 scias
626 3384 727 3438 melius
748 3385 846 3439 Octan
866 3404 892 3450 a,
907 3387 945 3439 K.
951 3387 977 3451 Ι,
999 3385 1060 3440 Otto
1076 3391 1172 3454 304sq,

167 3454 274 3507 nescire
293 3424 392 3508 melius
413 3457 475 3522 Mr,
491 3456 577 3510 KH.
656 3460 688 3508 19
713 3455 761 3522 qui
780 3474 827 3521 ar,
846 3457 933 3521 K.II,
952 3426 1028 3523 qhod
1048 3456 1093 3522 M,
1111 3458 1145 3511 K
1151 3458 1172 3510 Ι

168 3530 202 3576 22
221 3524 335 3576 nomina
354 3527 397 3590 M,
412 3526 449 3578 K
455 3497 480 3578 Ι.
