<?xml version="1.0" encoding="UTF-8"?>
<!DOCTYPE html PUBLIC "-//W3C//DTD XHTML 1.0 Transitional//EN"
    "http://www.w3.org/TR/xhtml1/DTD/xhtml1-transitional.dtd">
<html xmlns="http://www.w3.org/1999/xhtml" xml:lang="en" lang="en">
 <head>
  <title>
</title>
<meta http-equiv="Content-Type" content="text/html;charset=utf-8" />
  <meta name='ocr-system' content='tesseract 3.04.00' />
  <meta name='ocr-capabilities' content='ocr_page ocr_carea ocr_par ocr_line ocrx_word'/>
</head>
<body>
  <div class='ocr_page' id='page_1' title='image "./cplinicaecilise00mlgoog_0082.png"; bbox 0 0 2468 3938; ppageno 0'>
   <div class='ocr_carea' id='block_1_1' title="bbox 377 137 1090 204">
    <p class='ocr_par' dir='ltr' id='par_1_1' title="bbox 377 137 1090 204">
     <span class='ocr_line' id='line_1_1' title="bbox 377 137 1090 204; baseline 0.001 -14"><span class='ocrx_word' id='word_1_1' title='bbox 377 137 634 191; x_wconf 83' lang='lat' dir='ltr'><strong>EPISTULARUM</strong></span> <span class='ocrx_word' id='word_1_2' title='bbox 652 137 691 190; x_wconf 84' lang='lat'><strong>111</strong></span> <span class='ocrx_word' id='word_1_3' title='bbox 710 142 735 204; x_wconf 87' lang='grc'><strong>9,</strong></span> <span class='ocrx_word' id='word_1_4' title='bbox 756 142 796 191; x_wconf 91' lang='grc'><strong>10.</strong></span> <span class='ocrx_word' id='word_1_5' title='bbox 1050 138 1090 200; x_wconf 78' lang='grc'><strong>71</strong></span> 
     </span>
    </p>
   </div>
   <div class='ocr_carea' id='block_1_2' title="bbox 8 299 1227 2028">
    <p class='ocr_par' dir='ltr' id='par_1_2' title="bbox 78 299 1090 474">
     <span class='ocr_line' id='line_1_2' title="bbox 78 299 1090 384; baseline 0.003 -22"><span class='ocrx_word' id='word_1_6' title='bbox 78 299 266 383; x_wconf 84' lang='lat' dir='ltr'><strong>postulavit.</strong></span> <span class='ocrx_word' id='word_1_7' title='bbox 244 299 404 364; x_wconf 90' lang='lat' dir='ltr'><strong>ttNeu</strong></span> <span class='ocrx_word' id='word_1_8' title='bbox 390 304 476 364; x_wconf 91' lang='lat' dir='ltr'><strong>trum</strong></span> <span class='ocrx_word' id='word_1_9' title='bbox 509 301 707 384; x_wconf 82' lang='lat' dir='ltr'><strong>impetravit,</strong></span> <span class='ocrx_word' id='word_1_10' title='bbox 739 305 868 365; x_wconf 89' lang='lat' dir='ltr'><strong>coactus</strong></span> <span class='ocrx_word' id='word_1_11' title='bbox 901 304 951 364; x_wconf 89' lang='lat' dir='ltr'><strong>est</strong></span> <span class='ocrx_word' id='word_1_12' title='bbox 980 301 1090 365; x_wconf 86' lang='lat' dir='ltr'><strong>statim</strong></span> 
     </span>
     <span class='ocr_line' id='line_1_3' title="bbox 79 388 1091 489; baseline 0.002 -38"><span class='ocrx_word' id='word_1_13' title='bbox 79 388 287 489; x_wconf 83' lang='lat' dir='ltr'><strong>respondere3</strong></span> <span class='ocrx_word' id='word_1_14' title='bbox 305 389 480 472; x_wconf 90' lang='lat' dir='ltr'><strong>respondit,</strong></span> <span class='ocrx_word' id='word_1_15' title='bbox 457 391 619 453; x_wconf 90' lang='lat' dir='ltr'><strong>tmalum</strong></span> <span class='ocrx_word' id='word_1_16' title='bbox 639 411 836 473; x_wconf 89' lang='lat' dir='ltr'><strong>pravumque</strong></span> <span class='ocrx_word' id='word_1_17' title='bbox 855 389 1020 474; x_wconf 76' lang='lat' dir='ltr'>ingenium</span> <span class='ocrx_word' id='word_1_18' title='bbox 1035 390 1091 453; x_wconf 95' lang='lat' dir='ltr'><strong>ho-</strong></span> 
     </span>
    </p>

    <p class='ocr_par' dir='ltr' id='par_1_3' title="bbox 10 461 1227 1541">
     <span class='ocr_line' id='line_1_4' title="bbox 10 461 1163 562; baseline 0.002 -22"><span class='ocrx_word' id='word_1_19' title='bbox 10 489 14 514; x_wconf 81' lang='lat'>&#39;</span> <span class='ocrx_word' id='word_1_20' title='bbox 79 478 177 540; x_wconf 90' lang='lat' dir='ltr'><strong>minis</strong></span> <span class='ocrx_word' id='word_1_21' title='bbox 197 477 316 542; x_wconf 85' lang='lat' dir='ltr'><strong>facitu</strong></span> <span class='ocrx_word' id='word_1_22' title='bbox 317 479 442 542; x_wconf 88' lang='lat' dir='ltr'><strong>tdubit</strong></span> <span class='ocrx_word' id='word_1_23' title='bbox 428 482 503 562; x_wconf 92' lang='lat' dir='ltr'><strong>t,em</strong></span> <span class='ocrx_word' id='word_1_24' title='bbox 522 479 719 543; x_wconf 91' lang='lat' dir='ltr'><strong>confidenter</strong></span> <span class='ocrx_word' id='word_1_25' title='bbox 736 501 778 543; x_wconf 90' lang='lat' dir='ltr'><strong>an</strong></span> <span class='ocrx_word' id='word_1_26' title='bbox 796 482 988 561; x_wconf 77' lang='lat' dir='ltr'>constanter,</span> <span class='ocrx_word' id='word_1_27' title='bbox 1007 461 1163 544; x_wconf 86' lang='lat' dir='ltr'><strong>certe</strong></span> 
     </span>
     <span class='ocr_line' id='line_1_5' title="bbox 78 565 1144 652; baseline 0.002 -23"><span class='ocrx_word' id='word_1_28' title='bbox 78 567 289 649; x_wconf 87' lang='lat' dir='ltr'><strong>paratissime.</strong></span> <span class='ocrx_word' id='word_1_29' title='bbox 332 565 465 632; x_wconf 88' lang='lat' dir='ltr'><strong>Obiecta</strong></span> <span class='ocrx_word' id='word_1_30' title='bbox 495 572 571 632; x_wconf 93' lang='lat' dir='ltr'><strong>sunt</strong></span> <span class='ocrx_word' id='word_1_31' title='bbox 600 568 715 650; x_wconf 87' lang='lat' dir='ltr'><strong>multa,</strong></span> <span class='ocrx_word' id='word_1_32' title='bbox 746 590 827 651; x_wconf 91' lang='lat' dir='ltr'><strong>quae</strong></span> <span class='ocrx_word' id='word_1_33' title='bbox 859 568 963 652; x_wconf 89' lang='lat' dir='ltr'><strong>magis</strong></span> <span class='ocrx_word' id='word_1_34' title='bbox 995 589 1090 651; x_wconf 89' lang='lat' dir='ltr'><strong>quam</strong></span> <span class='ocrx_word' id='word_1_35' title='bbox 1110 584 1144 631; x_wconf 87' lang='lat'><strong>33</strong></span> 
     </span>
     <span class='ocr_line' id='line_1_6' title="bbox 54 656 1090 740; baseline -0.003 -17"><span class='ocrx_word' id='word_1_36' title='bbox 54 656 309 738; x_wconf 79' lang='lat' dir='ltr'><strong>spraevaricatio</strong></span> <span class='ocrx_word' id='word_1_37' title='bbox 339 660 532 739; x_wconf 77' lang='lat' dir='ltr'><strong>nocuerunt3</strong></span> <span class='ocrx_word' id='word_1_38' title='bbox 563 657 690 740; x_wconf 81' lang='lat' dir='ltr'><strong>quine</strong></span> <span class='ocrx_word' id='word_1_39' title='bbox 691 657 770 720; x_wconf 89' lang='lat' dir='ltr'><strong>tiam</strong></span> <span class='ocrx_word' id='word_1_40' title='bbox 803 656 866 719; x_wconf 94' lang='lat' dir='ltr'><strong>duo</strong></span> <span class='ocrx_word' id='word_1_41' title='bbox 899 657 1090 739; x_wconf 89' lang='lat' dir='ltr'><strong>consulares,</strong></span> 
     </span>
     <span class='ocr_line' id='line_1_7' title="bbox 78 724 1227 851; baseline 0.001 -44"><span class='ocrx_word' id='word_1_42' title='bbox 78 744 278 846; x_wconf 81' lang='lat' dir='ltr'><strong>Pomponius</strong></span> <span class='ocrx_word' id='word_1_43' title='bbox 302 744 462 809; x_wconf 72' lang='lat' dir='ltr'><strong>Rufust</strong></span> <span class='ocrx_word' id='word_1_44' title='bbox 430 749 462 808; x_wconf 93' lang='lat' dir='ltr'><strong>et</strong></span> <span class='ocrx_word' id='word_1_45' title='bbox 484 744 567 809; x_wconf 90' lang='lat' dir='ltr'><strong>Libo</strong></span> <span class='ocrx_word' id='word_1_46' title='bbox 589 744 699 830; x_wconf 81' lang='lat' dir='ltr'><strong>Frugi,</strong></span> <span class='ocrx_word' id='word_1_47' title='bbox 721 746 882 809; x_wconf 89' lang='lat' dir='ltr'><strong>laeserunt</strong></span> <span class='ocrx_word' id='word_1_48' title='bbox 868 749 978 809; x_wconf 94' lang='lat' dir='ltr'><strong>teum</strong></span> <span class='ocrx_word' id='word_1_49' title='bbox 1001 745 1090 809; x_wconf 91' lang='lat' dir='ltr'><strong>testi·</strong></span> <span class='ocrx_word' id='word_1_50' title='bbox 1181 724 1227 851; x_wconf 60' lang='lat'><strong>37</strong></span> 
     </span>
     <span class='ocr_line' id='line_1_8' title="bbox 78 833 1091 917; baseline 0.001 -21"><span class='ocrx_word' id='word_1_51' title='bbox 78 834 203 916; x_wconf 90' lang='lat' dir='ltr'><strong>monio,</strong></span> <span class='ocrx_word' id='word_1_52' title='bbox 230 837 394 916; x_wconf 90' lang='lat' dir='ltr'><strong>tamquam</strong></span> <span class='ocrx_word' id='word_1_53' title='bbox 422 834 507 917; x_wconf 90' lang='lat' dir='ltr'><strong>apud</strong></span> <span class='ocrx_word' id='word_1_54' title='bbox 533 835 672 899; x_wconf 89' lang='lat' dir='ltr'><strong>iudicem</strong></span> <span class='ocrx_word' id='word_1_55' title='bbox 701 835 759 899; x_wconf 90' lang='lat' dir='ltr'><strong>sub</strong></span> <span class='ocrx_word' id='word_1_56' title='bbox 787 833 908 898; x_wconf 88' lang='lat' dir='ltr'><strong>Domit</strong></span> <span class='ocrx_word' id='word_1_57' title='bbox 886 838 974 898; x_wconf 88' lang='lat' dir='ltr'><strong>trano</strong></span> <span class='ocrx_word' id='word_1_58' title='bbox 1004 833 1091 897; x_wconf 81' lang='lat' dir='ltr'><strong>Salvi</strong></span> 
     </span>
     <span class='ocr_line' id='line_1_9' title="bbox 77 921 1144 988; baseline 0.001 -3"><span class='ocrx_word' id='word_1_59' title='bbox 77 921 237 986; x_wconf 88' lang='lat' dir='ltr'><strong>Liberalis</strong></span> <span class='ocrx_word' id='word_1_60' title='bbox 260 927 388 987; x_wconf 90' lang='lat' dir='ltr'><strong>accusat</strong></span> <span class='ocrx_word' id='word_1_61' title='bbox 374 924 499 988; x_wconf 91' lang='lat' dir='ltr'><strong>toribus</strong></span> <span class='ocrx_word' id='word_1_62' title='bbox 522 923 684 988; x_wconf 79' lang='lat' dir='ltr'><strong>adfuisset.</strong></span> <span class='ocrx_word' id='word_1_63' title='bbox 730 922 871 987; x_wconf 88' lang='lat' dir='ltr'><strong>Damnat</strong></span> <span class='ocrx_word' id='word_1_64' title='bbox 857 927 964 987; x_wconf 89' lang='lat' dir='ltr'><strong>ttuse</strong></span> <span class='ocrx_word' id='word_1_65' title='bbox 988 923 1022 986; x_wconf 90' lang='lat' dir='ltr'><strong>in</strong></span> <span class='ocrx_word' id='word_1_66' title='bbox 1044 922 1090 987; x_wconf 94' lang='lat' dir='ltr'><strong>in-</strong></span> <span class='ocrx_word' id='word_1_67' title='bbox 1110 937 1144 986; x_wconf 87' lang='grc'><strong>34</strong></span> 
     </span>
     <span class='ocr_line' id='line_1_10' title="bbox 78 1009 1091 1096; baseline 0.001 -22"><span class='ocrx_word' id='word_1_68' title='bbox 78 1013 184 1074; x_wconf 88' lang='lat' dir='ltr'><strong>sulam</strong></span> <span class='ocrx_word' id='word_1_69' title='bbox 207 1013 367 1096; x_wconf 90' lang='lat' dir='ltr'><strong>relegatus</strong></span> <span class='ocrx_word' id='word_1_70' title='bbox 395 1016 452 1076; x_wconf 90' lang='lat' dir='ltr'><strong>est.</strong></span> <span class='ocrx_word' id='word_1_71' title='bbox 489 1009 615 1095; x_wconf 89' lang='lat' dir='ltr'><strong>Itaque,</strong></span> <span class='ocrx_word' id='word_1_72' title='bbox 643 1034 716 1077; x_wconf 90' lang='lat' dir='ltr'><strong>cum</strong></span> <span class='ocrx_word' id='word_1_73' title='bbox 745 1010 872 1076; x_wconf 81' lang='lat' dir='ltr'><strong>Castam</strong></span> <span class='ocrx_word' id='word_1_74' title='bbox 900 1034 1091 1094; x_wconf 77' lang='lat' dir='ltr'><strong>accusarem,</strong></span> 
     </span>
     <span class='ocr_line' id='line_1_11' title="bbox 41 1101 1091 1184; baseline -0.003 -18"><span class='ocrx_word' id='word_1_75' title='bbox 41 1129 64 1166; x_wconf 87' lang='lat' dir='ltr'><strong>lo</strong></span> <span class='ocrx_word' id='word_1_76' title='bbox 77 1101 163 1163; x_wconf 89' lang='lat' dir='ltr'><strong>nihil</strong></span> <span class='ocrx_word' id='word_1_77' title='bbox 185 1101 288 1184; x_wconf 88' lang='lat' dir='ltr'><strong>magis</strong></span> <span class='ocrx_word' id='word_1_78' title='bbox 311 1102 422 1184; x_wconf 90' lang='lat' dir='ltr'><strong>pressi,</strong></span> <span class='ocrx_word' id='word_1_79' title='bbox 448 1123 544 1184; x_wconf 88' lang='lat' dir='ltr'><strong>quam</strong></span> <span class='ocrx_word' id='word_1_80' title='bbox 568 1101 655 1184; x_wconf 91' lang='lat' dir='ltr'><strong>quod</strong></span> <span class='ocrx_word' id='word_1_81' title='bbox 682 1104 849 1165; x_wconf 88' lang='lat' dir='ltr'><strong>accusator</strong></span> <span class='ocrx_word' id='word_1_82' title='bbox 871 1101 939 1164; x_wconf 91' lang='lat' dir='ltr'><strong>eius</strong></span> <span class='ocrx_word' id='word_1_83' title='bbox 963 1123 1091 1183; x_wconf 82' lang='lat' dir='ltr'><strong>praeva-</strong></span> 
     </span>
     <span class='ocr_line' id='line_1_12' title="bbox 76 1189 1092 1273; baseline 0.001 -21"><span class='ocrx_word' id='word_1_84' title='bbox 76 1190 244 1253; x_wconf 87' lang='lat' dir='ltr'><strong>rieationis</strong></span> <span class='ocrx_word' id='word_1_85' title='bbox 268 1190 401 1253; x_wconf 90' lang='lat' dir='ltr'><strong>crimine</strong></span> <span class='ocrx_word' id='word_1_86' title='bbox 425 1191 612 1273; x_wconf 78' lang='lat' dir='ltr'><strong>corruisset3</strong></span> <span class='ocrx_word' id='word_1_87' title='bbox 634 1191 736 1273; x_wconf 90' lang='lat' dir='ltr'><strong>pressi</strong></span> <span class='ocrx_word' id='word_1_88' title='bbox 754 1195 864 1253; x_wconf 90' lang='lat' dir='ltr'><strong>tamen</strong></span> <span class='ocrx_word' id='word_1_89' title='bbox 885 1189 969 1252; x_wconf 85' lang='lat' dir='ltr'><strong>frast</strong></span> <span class='ocrx_word' id='word_1_90' title='bbox 955 1193 1017 1271; x_wconf 79' lang='lat' dir='ltr'><strong>tra3</strong></span> <span class='ocrx_word' id='word_1_91' title='bbox 1041 1211 1092 1253; x_wconf 89' lang='lat' dir='ltr'><strong>ac-</strong></span> 
     </span>
     <span class='ocr_line' id='line_1_13' title="bbox 77 1278 1092 1361; baseline -0.002 -19"><span class='ocrx_word' id='word_1_92' title='bbox 77 1278 158 1343; x_wconf 90' lang='lat' dir='ltr'><strong>cidit</strong></span> <span class='ocrx_word' id='word_1_93' title='bbox 181 1278 267 1342; x_wconf 91' lang='lat' dir='ltr'><strong>enim</strong></span> <span class='ocrx_word' id='word_1_94' title='bbox 290 1300 340 1342; x_wconf 91' lang='lat' dir='ltr'><strong>res</strong></span> <span class='ocrx_word' id='word_1_95' title='bbox 364 1280 523 1343; x_wconf 88' lang='lat' dir='ltr'><strong>contraria</strong></span> <span class='ocrx_word' id='word_1_96' title='bbox 551 1283 584 1342; x_wconf 91' lang='lat' dir='ltr'><strong>et</strong></span> <span class='ocrx_word' id='word_1_97' title='bbox 610 1300 707 1361; x_wconf 86' lang='lat' dir='ltr'><strong>nova,</strong></span> <span class='ocrx_word' id='word_1_98' title='bbox 735 1282 771 1341; x_wconf 92' lang='lat' dir='ltr'><strong>ut</strong></span> <span class='ocrx_word' id='word_1_99' title='bbox 797 1282 980 1342; x_wconf 89' lang='lat' dir='ltr'><strong>accusatore</strong></span> <span class='ocrx_word' id='word_1_100' title='bbox 1003 1299 1092 1360; x_wconf 87' lang='lat' dir='ltr'><strong>prae·</strong></span> 
     </span>
     <span class='ocr_line' id='line_1_14' title="bbox 76 1365 1144 1449; baseline -0.001 -19"><span class='ocrx_word' id='word_1_101' title='bbox 76 1367 284 1431; x_wconf 83' lang='lat' dir='ltr'><strong>varicationis</strong></span> <span class='ocrx_word' id='word_1_102' title='bbox 308 1367 458 1431; x_wconf 89' lang='lat' dir='ltr'><strong>damnato</strong></span> <span class='ocrx_word' id='word_1_103' title='bbox 489 1390 542 1432; x_wconf 90' lang='lat' dir='ltr'><strong>rea</strong></span> <span class='ocrx_word' id='word_1_104' title='bbox 571 1368 799 1432; x_wconf 76' lang='lat' dir='ltr'><strong>absolveretur.</strong></span> <span class='ocrx_word' id='word_1_105' title='bbox 839 1365 990 1449; x_wconf 73' lang='lat' dir='ltr'><strong>Quaeris,</strong></span> <span class='ocrx_word' id='word_1_106' title='bbox 1015 1366 1092 1448; x_wconf 92' lang='lat' dir='ltr'><strong>quid</strong></span> <span class='ocrx_word' id='word_1_107' title='bbox 1111 1381 1144 1430; x_wconf 86' lang='lat'><strong>35</strong></span> 
     </span>
     <span class='ocr_line' id='line_1_15' title="bbox 75 1453 1091 1541; baseline 0 -22"><span class='ocrx_word' id='word_1_108' title='bbox 75 1478 147 1538; x_wconf 91' lang='lat' dir='ltr'><strong>nos,</strong></span> <span class='ocrx_word' id='word_1_109' title='bbox 171 1456 247 1519; x_wconf 91' lang='lat' dir='ltr'><strong>dum</strong></span> <span class='ocrx_word' id='word_1_110' title='bbox 270 1456 350 1521; x_wconf 90' lang='lat' dir='ltr'><strong>haec</strong></span> <span class='ocrx_word' id='word_1_111' title='bbox 372 1460 519 1541; x_wconf 68' lang='lat' dir='ltr'><strong>agimtur.</strong></span> <span class='ocrx_word' id='word_1_112' title='bbox 557 1454 774 1522; x_wconf 82' lang='lat' dir='ltr'><strong>indicavimus</strong></span> <span class='ocrx_word' id='word_1_113' title='bbox 798 1457 922 1521; x_wconf 90' lang='lat' dir='ltr'><strong>senatui</strong></span> <span class='ocrx_word' id='word_1_114' title='bbox 948 1478 988 1519; x_wconf 92' lang='lat' dir='ltr'><strong>ex</strong></span> <span class='ocrx_word' id='word_1_115' title='bbox 1009 1453 1091 1519; x_wconf 90' lang='lat' dir='ltr'><strong>Nor·</strong></span> 
     </span>
    </p>

    <p class='ocr_par' dir='ltr' id='par_1_4' title="bbox 40 1545 889 1630">
     <span class='ocr_line' id='line_1_16' title="bbox 40 1545 889 1630; baseline -0.002 -19"><span class='ocrx_word' id='word_1_116' title='bbox 40 1574 62 1611; x_wconf 81' lang='lat'><strong>15</strong></span> <span class='ocrx_word' id='word_1_117' title='bbox 77 1546 164 1608; x_wconf 89' lang='lat' dir='ltr'><strong>bano</strong></span> <span class='ocrx_word' id='word_1_118' title='bbox 189 1545 337 1610; x_wconf 81' lang='lat' dir='ltr'><strong>didicisse</strong></span> <span class='ocrx_word' id='word_1_119' title='bbox 359 1567 419 1609; x_wconf 90' lang='lat' dir='ltr'><strong>nos</strong></span> <span class='ocrx_word' id='word_1_120' title='bbox 441 1546 605 1630; x_wconf 88' lang='lat' dir='ltr'><strong>publicam</strong></span> <span class='ocrx_word' id='word_1_121' title='bbox 630 1567 757 1610; x_wconf 86' lang='lat' dir='ltr'><strong>causam</strong></span> <span class='ocrx_word' id='word_1_122' title='bbox 779 1566 889 1609; x_wconf 90' lang='lat' dir='ltr'><strong>rursus</strong></span> 
     </span>
    </p>

    <p class='ocr_par' dir='ltr' id='par_1_5' title="bbox 8 1634 1177 2028">
     <span class='ocr_line' id='line_1_17' title="bbox 8 1634 1092 1719; baseline -0.002 -21"><span class='ocrx_word' id='word_1_123' title='bbox 8 1653 12 1716; x_wconf 66' lang='grc' dir='ltr'><strong>ι</strong></span> <span class='ocrx_word' id='word_1_124' title='bbox 76 1657 118 1698; x_wconf 91' lang='lat' dir='ltr'><strong>ex</strong></span> <span class='ocrx_word' id='word_1_125' title='bbox 151 1635 278 1718; x_wconf 89' lang='lat' dir='ltr'><strong>integro</strong></span> <span class='ocrx_word' id='word_1_126' title='bbox 311 1634 444 1717; x_wconf 83' lang='lat' dir='ltr'><strong>discere,</strong></span> <span class='ocrx_word' id='word_1_127' title='bbox 477 1634 504 1698; x_wconf 90' lang='lat' dir='ltr'><strong>si</strong></span> <span class='ocrx_word' id='word_1_128' title='bbox 542 1635 596 1698; x_wconf 91' lang='lat' dir='ltr'><strong>ille</strong></span> <span class='ocrx_word' id='word_1_129' title='bbox 628 1634 810 1719; x_wconf 82' lang='lat' dir='ltr'><strong>praevarica</strong></span> <span class='ocrx_word' id='word_1_130' title='bbox 893 1634 1044 1717; x_wconf 89' lang='lat' dir='ltr'><strong>probaret</strong></span> <span class='ocrx_word' id='word_1_131' title='bbox 1083 1683 1092 1715; x_wconf 92' lang='lat'><strong>,</strong></span> 
     </span>
     <span class='ocr_line' id='line_1_18' title="bbox 75 1721 1177 1807; baseline -0.001 -21"><span class='ocrx_word' id='word_1_132' title='bbox 75 1727 175 1806; x_wconf 87' lang='lat' dir='ltr'><strong>atque</strong></span> <span class='ocrx_word' id='word_1_133' title='bbox 204 1723 260 1806; x_wconf 91' lang='lat' dir='ltr'><strong>ita,</strong></span> <span class='ocrx_word' id='word_1_134' title='bbox 290 1722 366 1786; x_wconf 93' lang='lat' dir='ltr'><strong>dum</strong></span> <span class='ocrx_word' id='word_1_135' title='bbox 397 1724 452 1787; x_wconf 92' lang='lat' dir='ltr'><strong>ille</strong></span> <span class='ocrx_word' id='word_1_136' title='bbox 481 1724 646 1807; x_wconf 83' lang='lat' dir='ltr'><strong>peragitur</strong></span> <span class='ocrx_word' id='word_1_137' title='bbox 675 1744 757 1806; x_wconf 90' lang='lat' dir='ltr'><strong>reus,</strong></span> <span class='ocrx_word' id='word_1_138' title='bbox 788 1723 940 1786; x_wconf 90' lang='lat' dir='ltr'><strong>sedimus.</strong></span> <span class='ocrx_word' id='word_1_139' title='bbox 975 1721 1092 1786; x_wconf 89' lang='lat' dir='ltr'><strong>Postea</strong></span> <span class='ocrx_word' id='word_1_140' title='bbox 1173 1747 1177 1762; x_wconf 90' lang='lat'><em>·</em></span> 
     </span>
     <span class='ocr_line' id='line_1_19' title="bbox 74 1811 1092 1877; baseline -0.002 -2"><span class='ocrx_word' id='word_1_141' title='bbox 74 1811 252 1876; x_wconf 88' lang='lat' dir='ltr'><strong>Norbanus</strong></span> <span class='ocrx_word' id='word_1_142' title='bbox 267 1813 416 1876; x_wconf 85' lang='lat' dir='ltr'><strong>omnibus</strong></span> <span class='ocrx_word' id='word_1_143' title='bbox 435 1812 547 1877; x_wconf 90' lang='lat' dir='ltr'><strong>diebus</strong></span> <span class='ocrx_word' id='word_1_144' title='bbox 567 1834 604 1876; x_wconf 92' lang='lat' dir='ltr'><strong>co</strong></span> <span class='ocrx_word' id='word_1_145' title='bbox 654 1812 762 1876; x_wconf 90' lang='lat' dir='ltr'><strong>tionis</strong></span> <span class='ocrx_word' id='word_1_146' title='bbox 780 1811 928 1875; x_wconf 87' lang='lat' dir='ltr'><strong>interfuit</strong></span> <span class='ocrx_word' id='word_1_147' title='bbox 947 1811 1092 1874; x_wconf 61' lang='lat' dir='ltr'><strong>eandemss</strong></span> 
     </span>
     <span class='ocr_line' id='line_1_20' title="bbox 75 1833 1091 2028; baseline -0.001 -65"><span class='ocrx_word' id='word_1_148' title='bbox 75 1923 140 1984; x_wconf 86' lang='lat' dir='ltr'><strong>que</strong></span> <span class='ocrx_word' id='word_1_149' title='bbox 164 1922 265 1983; x_wconf 90' lang='lat' dir='ltr'><strong>usque</strong></span> <span class='ocrx_word' id='word_1_150' title='bbox 288 1901 329 1964; x_wconf 91' lang='lat' dir='ltr'><strong>ad</strong></span> <span class='ocrx_word' id='word_1_151' title='bbox 352 1905 529 1965; x_wconf 91' lang='lat' dir='ltr'><strong>extremum</strong></span> <span class='ocrx_word' id='word_1_152' title='bbox 553 1833 685 2028; x_wconf 49' lang='grc' dir='ltr'>ιιιῆιιιι</span> <span class='ocrx_word' id='word_1_153' title='bbox 717 1901 837 1964; x_wconf 85' lang='lat' dir='ltr'><strong>entiam</strong></span> <span class='ocrx_word' id='word_1_154' title='bbox 855 1901 907 1964; x_wconf 83' lang='lat' dir='ltr'><strong>rel</strong></span> <span class='ocrx_word' id='word_1_155' title='bbox 926 1900 1091 1964; x_wconf 88' lang='lat' dir='ltr'><strong>audaciam</strong></span> 
     </span>
    </p>
   </div>
   <div class='ocr_carea' id='block_1_3' title="bbox 7 1967 1207 2181">
    <p class='ocr_par' dir='ltr' id='par_1_6' title="bbox 7 1967 1207 2163">
     <span class='ocr_line' id='line_1_21' title="bbox 7 1967 1207 2141; baseline -0.006 -87"><span class='ocrx_word' id='word_1_156' title='bbox 7 1967 8 2010; x_wconf 31' lang='grc' dir='ltr'>ι</span> <span class='ocrx_word' id='word_1_157' title='bbox 39 2017 62 2054; x_wconf 80' lang='grc' dir='ltr'><strong>ιι</strong></span> <span class='ocrx_word' id='word_1_158' title='bbox 75 1990 221 2073; x_wconf 88' lang='lat' dir='ltr'><strong>pertulit.</strong></span> <span class='ocrx_word' id='word_1_159' title='bbox 750 1977 1207 2141; x_wconf 41' lang='grc' dir='ltr'><strong>ΨΜ</strong></span> 
     </span>
     <span class='ocr_line' id='line_1_22' title="bbox 144 2076 1145 2181; baseline -0.003 -39"><span class='ocrx_word' id='word_1_160' title='bbox 144 2076 346 2163; x_wconf 91' lang='lat' dir='ltr'><strong>Interrogo</strong></span> <span class='ocrx_word' id='word_1_161' title='bbox 337 2099 406 2181; x_wconf 81' lang='lat' dir='ltr'><strong>ipse</strong></span> <span class='ocrx_word' id='word_1_162' title='bbox 428 2101 489 2161; x_wconf 92' lang='lat' dir='ltr'><strong>me,</strong></span> <span class='ocrx_word' id='word_1_163' title='bbox 512 2101 554 2142; x_wconf 87' lang='lat' dir='ltr'><strong>an</strong></span> <span class='ocrx_word' id='word_1_164' title='bbox 580 2077 704 2162; x_wconf 89' lang='lat' dir='ltr'><strong>aliquid</strong></span> <span class='ocrx_word' id='word_1_165' title='bbox 730 2100 748 2141; x_wconf 97' lang='lat' dir='ltr'><strong>o</strong></span> <span class='ocrx_word' id='word_1_166' title='bbox 797 2099 892 2142; x_wconf 83' lang='lat' dir='ltr'><strong>serim</strong></span> <span class='ocrx_word' id='word_1_167' title='bbox 918 2101 973 2141; x_wconf 92' lang='lat' dir='ltr'><strong>rur</strong></span> <span class='ocrx_word' id='word_1_168' title='bbox 1013 2098 1036 2159; x_wconf 90' lang='lat' dir='ltr'><strong>s,</strong></span> <span class='ocrx_word' id='word_1_169' title='bbox 1061 2079 1092 2139; x_wconf 91' lang='lat' dir='ltr'><strong>et</strong></span> <span class='ocrx_word' id='word_1_170' title='bbox 1111 2090 1145 2139; x_wconf 80' lang='grc'><strong>36</strong></span> 
     </span>
    </p>
   </div>
   <div class='ocr_carea' id='block_1_4' title="bbox 7 2165 1145 2872">
    <p class='ocr_par' dir='ltr' id='par_1_7' title="bbox 74 2165 1093 2250">
     <span class='ocr_line' id='line_1_23' title="bbox 74 2165 1093 2250; baseline -0.002 -18"><span class='ocrx_word' id='word_1_171' title='bbox 74 2189 188 2232; x_wconf 87' lang='lat' dir='ltr'><strong>rursus</strong></span> <span class='ocrx_word' id='word_1_172' title='bbox 211 2189 312 2250; x_wconf 91' lang='lat' dir='ltr'><strong>paene</strong></span> <span class='ocrx_word' id='word_1_173' title='bbox 338 2168 440 2231; x_wconf 92' lang='lat' dir='ltr'><strong>omisi.</strong></span> <span class='ocrx_word' id='word_1_174' title='bbox 479 2165 612 2231; x_wconf 85' lang='lat' dir='ltr'><strong>Summo</strong></span> <span class='ocrx_word' id='word_1_175' title='bbox 641 2167 692 2231; x_wconf 90' lang='lat' dir='ltr'><strong>die</strong></span> <span class='ocrx_word' id='word_1_176' title='bbox 716 2165 801 2230; x_wconf 84' lang='lat' dir='ltr'><strong>Sal</strong></span> <span class='ocrx_word' id='word_1_177' title='bbox 759 2168 842 2230; x_wconf 85' lang='lat' dir='ltr'><strong>vrlus</strong></span> <span class='ocrx_word' id='word_1_178' title='bbox 865 2166 1023 2230; x_wconf 89' lang='lat' dir='ltr'><strong>Liberalis</strong></span> <span class='ocrx_word' id='word_1_179' title='bbox 1046 2188 1093 2230; x_wconf 91' lang='lat' dir='ltr'><strong>re·</strong></span> 
     </span>
    </p>

    <p class='ocr_par' dir='ltr' id='par_1_8' title="bbox 7 2257 1092 2341">
     <span class='ocr_line' id='line_1_24' title="bbox 7 2257 1092 2341; baseline -0.002 -21"><span class='ocrx_word' id='word_1_180' title='bbox 7 2267 8 2270; x_wconf 76' lang='grc'>’</span> <span class='ocrx_word' id='word_1_181' title='bbox 74 2257 185 2338; x_wconf 92' lang='lat' dir='ltr'><strong>liquos</strong></span> <span class='ocrx_word' id='word_1_182' title='bbox 207 2257 333 2341; x_wconf 89' lang='lat' dir='ltr'><strong>legatos</strong></span> <span class='ocrx_word' id='word_1_183' title='bbox 351 2257 491 2340; x_wconf 80' lang='lat' dir='ltr'><strong>graviter</strong></span> <span class='ocrx_word' id='word_1_184' title='bbox 513 2257 682 2339; x_wconf 90' lang='lat' dir='ltr'><strong>increpuit,</strong></span> <span class='ocrx_word' id='word_1_185' title='bbox 700 2259 865 2337; x_wconf 86' lang='lat' dir='ltr'><strong>tamquam</strong></span> <span class='ocrx_word' id='word_1_186' title='bbox 888 2277 954 2318; x_wconf 91' lang='lat' dir='ltr'><strong>non</strong></span> <span class='ocrx_word' id='word_1_187' title='bbox 973 2275 1092 2336; x_wconf 86' lang='lat' dir='ltr'><strong>omnes,</strong></span> 
     </span>
    </p>

    <p class='ocr_par' dir='ltr' id='par_1_9' title="bbox 75 2345 1093 2428">
     <span class='ocr_line' id='line_1_25' title="bbox 75 2345 1093 2428; baseline -0.002 -20"><span class='ocrx_word' id='word_1_188' title='bbox 75 2366 160 2428; x_wconf 90' lang='lat' dir='ltr'><strong>quos</strong></span> <span class='ocrx_word' id='word_1_189' title='bbox 183 2345 366 2410; x_wconf 89' lang='lat' dir='ltr'><strong>mandasset</strong></span> <span class='ocrx_word' id='word_1_190' title='bbox 388 2346 566 2428; x_wconf 82' lang='lat' dir='ltr'><strong>provincia,</strong></span> <span class='ocrx_word' id='word_1_191' title='bbox 594 2366 665 2408; x_wconf 91' lang='lat' dir='ltr'><strong>reos</strong></span> <span class='ocrx_word' id='word_1_192' title='bbox 688 2345 900 2428; x_wconf 85' lang='lat' dir='ltr'><strong>peregissent,</strong></span> <span class='ocrx_word' id='word_1_193' title='bbox 923 2348 1033 2427; x_wconf 90' lang='lat' dir='ltr'><strong>atque,</strong></span> <span class='ocrx_word' id='word_1_194' title='bbox 1056 2346 1093 2406; x_wconf 91' lang='lat' dir='ltr'><strong>ut</strong></span> 
     </span>
    </p>

    <p class='ocr_par' dir='ltr' id='par_1_10' title="bbox 37 2430 1091 2516">
     <span class='ocr_line' id='line_1_26' title="bbox 37 2430 1091 2516; baseline -0.004 -18"><span class='ocrx_word' id='word_1_195' title='bbox 37 2461 60 2499; x_wconf 78' lang='lat' dir='ltr'><strong>a</strong></span> <span class='ocrx_word' id='word_1_196' title='bbox 74 2438 126 2498; x_wconf 92' lang='lat' dir='ltr'><strong>est</strong></span> <span class='ocrx_word' id='word_1_197' title='bbox 154 2433 325 2498; x_wconf 82' lang='lat' dir='ltr'><strong>vehemens</strong></span> <span class='ocrx_word' id='word_1_198' title='bbox 353 2437 385 2497; x_wconf 92' lang='lat' dir='ltr'><strong>et</strong></span> <span class='ocrx_word' id='word_1_199' title='bbox 413 2434 558 2516; x_wconf 87' lang='lat' dir='ltr'><strong>disertus,</strong></span> <span class='ocrx_word' id='word_1_200' title='bbox 586 2434 621 2497; x_wconf 88' lang='lat' dir='ltr'><strong>in</strong></span> <span class='ocrx_word' id='word_1_201' title='bbox 644 2433 816 2498; x_wconf 89' lang='lat' dir='ltr'><strong>discrimen</strong></span> <span class='ocrx_word' id='word_1_202' title='bbox 838 2433 979 2496; x_wconf 89' lang='lat' dir='ltr'><strong>adduxit.</strong></span> <span class='ocrx_word' id='word_1_203' title='bbox 1015 2430 1091 2494; x_wconf 92' lang='lat' dir='ltr'><strong>Pro-</strong></span> 
     </span>
    </p>

    <p class='ocr_par' dir='ltr' id='par_1_11' title="bbox 74 2520 1092 2607">
     <span class='ocr_line' id='line_1_27' title="bbox 74 2520 1092 2607; baseline -0.003 -20"><span class='ocrx_word' id='word_1_204' title='bbox 74 2523 144 2587; x_wconf 84' lang='lat' dir='ltr'><strong>texi</strong></span> <span class='ocrx_word' id='word_1_205' title='bbox 168 2523 255 2588; x_wconf 83' lang='lat' dir='ltr'><strong>riros</strong></span> <span class='ocrx_word' id='word_1_206' title='bbox 279 2523 419 2606; x_wconf 92' lang='lat' dir='ltr'><strong>optimos</strong></span> <span class='ocrx_word' id='word_1_207' title='bbox 444 2522 635 2605; x_wconf 86' lang='lat' dir='ltr'><strong>eosdemque</strong></span> <span class='ocrx_word' id='word_1_208' title='bbox 661 2523 875 2607; x_wconf 81' lang='lat' dir='ltr'><strong>gratissimos3</strong></span> <span class='ocrx_word' id='word_1_209' title='bbox 902 2520 984 2583; x_wconf 93' lang='lat' dir='ltr'><strong>mihi</strong></span> <span class='ocrx_word' id='word_1_210' title='bbox 1007 2524 1092 2584; x_wconf 87' lang='lat' dir='ltr'><strong>certe</strong></span> 
     </span>
    </p>

    <p class='ocr_par' dir='ltr' id='par_1_12' title="bbox 74 2609 1145 2784">
     <span class='ocr_line' id='line_1_28' title="bbox 75 2609 1091 2694; baseline -0.002 -20"><span class='ocrx_word' id='word_1_211' title='bbox 75 2612 194 2676; x_wconf 89' lang='lat' dir='ltr'><strong>debere</strong></span> <span class='ocrx_word' id='word_1_212' title='bbox 217 2633 250 2676; x_wconf 91' lang='lat' dir='ltr'><strong>se</strong></span> <span class='ocrx_word' id='word_1_213' title='bbox 277 2611 472 2694; x_wconf 88' lang='lat' dir='ltr'><strong>praedicant,</strong></span> <span class='ocrx_word' id='word_1_214' title='bbox 500 2611 587 2694; x_wconf 91' lang='lat' dir='ltr'><strong>quod</strong></span> <span class='ocrx_word' id='word_1_215' title='bbox 614 2611 707 2674; x_wconf 89' lang='lat' dir='ltr'><strong>illum</strong></span> <span class='ocrx_word' id='word_1_216' title='bbox 734 2610 896 2674; x_wconf 91' lang='lat' dir='ltr'><strong>turbinem</strong></span> <span class='ocrx_word' id='word_1_217' title='bbox 925 2609 1091 2673; x_wconf 85' lang='lat' dir='ltr'><strong>evaserint.</strong></span> 
     </span>
     <span class='ocr_line' id='line_1_29' title="bbox 74 2698 1145 2784; baseline -0.003 -21"><span class='ocrx_word' id='word_1_218' title='bbox 74 2700 141 2764; x_wconf 86' lang='lat' dir='ltr'><strong>Hic</strong></span> <span class='ocrx_word' id='word_1_219' title='bbox 165 2701 226 2764; x_wconf 88' lang='lat' dir='ltr'><strong>erit</strong></span> <span class='ocrx_word' id='word_1_220' title='bbox 249 2701 404 2784; x_wconf 89' lang='lat' dir='ltr'><strong>epistulae</strong></span> <span class='ocrx_word' id='word_1_221' title='bbox 426 2700 509 2782; x_wconf 89' lang='lat' dir='ltr'><strong>finis,</strong></span> <span class='ocrx_word' id='word_1_222' title='bbox 532 2723 566 2764; x_wconf 91' lang='lat' dir='ltr'><strong>re</strong></span> <span class='ocrx_word' id='word_1_223' title='bbox 589 2721 663 2763; x_wconf 87' lang='lat' dir='ltr'><strong>vera</strong></span> <span class='ocrx_word' id='word_1_224' title='bbox 684 2700 772 2782; x_wconf 80' lang='lat' dir='ltr'><strong>finis3</strong></span> <span class='ocrx_word' id='word_1_225' title='bbox 795 2700 936 2762; x_wconf 85' lang='lat' dir='ltr'><strong>litteram</strong></span> <span class='ocrx_word' id='word_1_226' title='bbox 954 2719 1022 2761; x_wconf 89' lang='lat' dir='ltr'><strong>non</strong></span> <span class='ocrx_word' id='word_1_227' title='bbox 1039 2698 1091 2761; x_wconf 88' lang='lat' dir='ltr'><strong>ad·</strong></span> <span class='ocrx_word' id='word_1_228' title='bbox 1111 2711 1145 2760; x_wconf 75' lang='lat'><strong>37</strong></span> 
     </span>
    </p>

    <p class='ocr_par' dir='ltr' id='par_1_13' title="bbox 75 2784 1091 2872">
     <span class='ocr_line' id='line_1_30' title="bbox 75 2784 1091 2872; baseline -0.003 -20"><span class='ocrx_word' id='word_1_229' title='bbox 75 2790 162 2871; x_wconf 90' lang='lat' dir='ltr'><strong>dam,</strong></span> <span class='ocrx_word' id='word_1_230' title='bbox 176 2790 303 2854; x_wconf 89' lang='lat' dir='ltr'><strong>etiamsi</strong></span> <span class='ocrx_word' id='word_1_231' title='bbox 317 2789 421 2853; x_wconf 90' lang='lat' dir='ltr'><strong>adhuc</strong></span> <span class='ocrx_word' id='word_1_232' title='bbox 436 2788 558 2871; x_wconf 90' lang='lat' dir='ltr'><strong>aliquid</strong></span> <span class='ocrx_word' id='word_1_233' title='bbox 572 2789 761 2872; x_wconf 89' lang='lat' dir='ltr'><strong>praeterisse</strong></span> <span class='ocrx_word' id='word_1_234' title='bbox 775 2810 826 2852; x_wconf 90' lang='lat' dir='ltr'><strong>me</strong></span> <span class='ocrx_word' id='word_1_235' title='bbox 841 2808 978 2851; x_wconf 86' lang='lat' dir='ltr'><strong>sensero.</strong></span> <span class='ocrx_word' id='word_1_236' title='bbox 1002 2784 1091 2850; x_wconf 86' lang='lat' dir='ltr'><strong>Vale.</strong></span> 
     </span>
    </p>
   </div>
   <div class='ocr_carea' id='block_1_5' title="bbox 7 2939 1143 3226">
    <p class='ocr_par' dir='ltr' id='par_1_14' title="bbox 7 2939 1143 3226">
     <span class='ocr_line' id='line_1_31' title="bbox 38 2939 789 3018; baseline -0.005 -5"><span class='ocrx_word' id='word_1_237' title='bbox 38 2975 61 3013; x_wconf 80' lang='lat' dir='ltr'><strong>ao</strong></span> <span class='ocrx_word' id='word_1_238' title='bbox 568 2954 603 3014; x_wconf 87' lang='lat' dir='ltr'><strong>X.</strong></span> <span class='ocrx_word' id='word_1_239' title='bbox 718 2939 765 3018; x_wconf 52' lang='lat' dir='ltr'><strong>l:</strong></span> <span class='ocrx_word' id='word_1_240' title='bbox 780 2945 789 2964; x_wconf 73' lang='lat'><strong>&#39;¹</strong></span> 
     </span>
     <span class='ocr_line' id='line_1_32' title="bbox 7 3029 1090 3101; baseline -0.003 -1"><span class='ocrx_word' id='word_1_241' title='bbox 7 3029 8 3046; x_wconf 55' lang='lat'>¹</span> <span class='ocrx_word' id='word_1_242' title='bbox 76 3055 105 3100; x_wconf 80' lang='lat' dir='ltr'><strong>c,</strong></span> <span class='ocrx_word' id='word_1_243' title='bbox 129 3053 270 3100; x_wconf 67' lang='lat' dir='ltr'><strong>Patruus</strong></span> <span class='ocrx_word' id='word_1_244' title='bbox 295 3053 479 3101; x_wconf 78' lang='lat' dir='ltr'><strong>vusrsrclo</strong></span> <span class='ocrx_word' id='word_1_245' title='bbox 505 3053 701 3101; x_wconf 71' lang='lat' dir='ltr'><strong>senmurum</strong></span> <span class='ocrx_word' id='word_1_246' title='bbox 730 3053 794 3100; x_wconf 86' lang='lat' dir='ltr'><strong>suo</strong></span> <span class='ocrx_word' id='word_1_247' title='bbox 819 3053 863 3098; x_wconf 77' lang='lat' dir='ltr'><strong>nr</strong></span> <span class='ocrx_word' id='word_1_248' title='bbox 889 3051 1040 3099; x_wconf 76' lang='lat' dir='ltr'><strong>corma</strong></span> <span class='ocrx_word' id='word_1_249' title='bbox 1065 3051 1090 3098; x_wconf 89' lang='lat' dir='ltr'><strong>s.</strong></span> 
     </span>
     <span class='ocr_line' id='line_1_33' title="bbox 146 3140 1143 3226; baseline -0.003 -20"><span class='ocrx_word' id='word_1_250' title='bbox 146 3140 372 3226; x_wconf 75' lang='lat' dir='ltr'><strong>Composuisse</strong></span> <span class='ocrx_word' id='word_1_251' title='bbox 395 3166 447 3207; x_wconf 93' lang='lat' dir='ltr'><strong>me</strong></span> <span class='ocrx_word' id='word_1_252' title='bbox 471 3144 626 3226; x_wconf 90' lang='lat' dir='ltr'><strong>quaedam</strong></span> <span class='ocrx_word' id='word_1_253' title='bbox 650 3143 689 3206; x_wconf 92' lang='lat' dir='ltr'><strong>de</strong></span> <span class='ocrx_word' id='word_1_254' title='bbox 712 3143 780 3206; x_wconf 88' lang='lat' dir='ltr'><strong>filio</strong></span> <span class='ocrx_word' id='word_1_255' title='bbox 804 3146 911 3206; x_wconf 83' lang='lat' dir='ltr'><strong>vestro</strong></span> <span class='ocrx_word' id='word_1_256' title='bbox 935 3163 1001 3205; x_wconf 94' lang='lat' dir='ltr'><strong>non</strong></span> <span class='ocrx_word' id='word_1_257' title='bbox 1024 3141 1091 3204; x_wconf 82' lang='lat' dir='ltr'><strong>dixi</strong></span> <span class='ocrx_word' id='word_1_258' title='bbox 1130 3156 1143 3202; x_wconf 86' lang='grc' dir='ltr'><strong>ι</strong></span> 
     </span>
    </p>
   </div>
   <div class='ocr_carea' id='block_1_6' title="bbox 75 3231 1092 3405">
    <p class='ocr_par' dir='ltr' id='par_1_15' title="bbox 75 3231 1092 3405">
     <span class='ocr_line' id='line_1_34' title="bbox 75 3231 1092 3316; baseline -0.003 -21"><span class='ocrx_word' id='word_1_259' title='bbox 75 3232 179 3315; x_wconf 89' lang='lat' dir='ltr'><strong>vobis,</strong></span> <span class='ocrx_word' id='word_1_260' title='bbox 208 3255 281 3297; x_wconf 90' lang='lat' dir='ltr'><strong>cum</strong></span> <span class='ocrx_word' id='word_1_261' title='bbox 309 3233 455 3316; x_wconf 85' lang='lat' dir='ltr'><strong>proxime</strong></span> <span class='ocrx_word' id='word_1_262' title='bbox 482 3233 567 3316; x_wconf 93' lang='lat' dir='ltr'><strong>apud</strong></span> <span class='ocrx_word' id='word_1_263' title='bbox 594 3253 652 3296; x_wconf 84' lang='lat' dir='ltr'><strong>vos</strong></span> <span class='ocrx_word' id='word_1_264' title='bbox 674 3232 731 3314; x_wconf 85' lang='lat' dir='ltr'><strong>fui,</strong></span> <span class='ocrx_word' id='word_1_265' title='bbox 758 3231 899 3315; x_wconf 86' lang='lat' dir='ltr'><strong>primum</strong></span> <span class='ocrx_word' id='word_1_266' title='bbox 928 3231 1092 3313; x_wconf 88' lang='lat' dir='ltr'><strong>quianon</strong></span> 
     </span>
     <span class='ocr_line' id='line_1_35' title="bbox 75 3320 1090 3405; baseline -0.002 -22"><span class='ocrx_word' id='word_1_267' title='bbox 75 3321 150 3385; x_wconf 92' lang='lat' dir='ltr'><strong>ideo</strong></span> <span class='ocrx_word' id='word_1_268' title='bbox 174 3322 373 3405; x_wconf 90' lang='lat' dir='ltr'><strong>scripseram,</strong></span> <span class='ocrx_word' id='word_1_269' title='bbox 396 3326 433 3385; x_wconf 93' lang='lat' dir='ltr'><strong>ut</strong></span> <span class='ocrx_word' id='word_1_270' title='bbox 456 3322 603 3404; x_wconf 90' lang='lat' dir='ltr'><strong>dicerem,</strong></span> <span class='ocrx_word' id='word_1_271' title='bbox 626 3320 682 3385; x_wconf 92' lang='lat' dir='ltr'><strong>sed</strong></span> <span class='ocrx_word' id='word_1_272' title='bbox 709 3325 746 3384; x_wconf 92' lang='lat' dir='ltr'><strong>ut</strong></span> <span class='ocrx_word' id='word_1_273' title='bbox 773 3341 845 3384; x_wconf 91' lang='lat' dir='ltr'><strong>meo</strong></span> <span class='ocrx_word' id='word_1_274' title='bbox 873 3320 985 3401; x_wconf 89' lang='lat' dir='ltr'><strong>amori,</strong></span> <span class='ocrx_word' id='word_1_275' title='bbox 1018 3340 1090 3382; x_wconf 91' lang='lat' dir='ltr'><strong>meo</strong></span> 
     </span>
    </p>
   </div>
   <div class='ocr_carea' id='block_1_7' title="bbox 150 3511 983 3584">
    <p class='ocr_par' dir='ltr' id='par_1_16' title="bbox 150 3511 983 3584">
     <span class='ocr_line' id='line_1_36' title="bbox 150 3511 983 3584; baseline -0.004 -17"><span class='ocrx_word' id='word_1_276' title='bbox 150 3521 164 3567; x_wconf 91' lang='lat'>1</span> <span class='ocrx_word' id='word_1_277' title='bbox 184 3513 340 3584; x_wconf 87' lang='lat' dir='ltr'><strong>postulavit</strong></span> <span class='ocrx_word' id='word_1_278' title='bbox 353 3517 460 3583; x_wconf 83' lang='lat' dir='ltr'><strong>Fprc,</strong></span> <span class='ocrx_word' id='word_1_279' title='bbox 482 3514 542 3569; x_wconf 80' lang='lat' dir='ltr'><strong>Otto</strong></span> <span class='ocrx_word' id='word_1_280' title='bbox 556 3519 620 3579; x_wconf 80' lang='lat'><strong>299,</strong></span> <span class='ocrx_word' id='word_1_281' title='bbox 638 3512 803 3582; x_wconf 84' lang='lat' dir='ltr'><strong>postulabat</strong></span> <span class='ocrx_word' id='word_1_282' title='bbox 819 3514 856 3566; x_wconf 87' lang='lat' dir='ltr'><strong><em>M</em></strong></span> <span class='ocrx_word' id='word_1_283' title='bbox 864 3512 930 3576; x_wconf 87' lang='lat' dir='ltr'><strong>VD,</strong></span> <span class='ocrx_word' id='word_1_284' title='bbox 946 3511 983 3563; x_wconf 88' lang='lat' dir='ltr'><strong>K.</strong></span> 
     </span>
    </p>
   </div>
   <div class='ocr_carea' id='block_1_8' title="bbox 0 0 1240 3938">
    <p class='ocr_par' dir='ltr' id='par_1_17' title="bbox 0 0 1240 3938">
     <span class='ocr_line' id='line_1_37' title="bbox 0 0 1240 3938; baseline 0 0"><span class='ocrx_word' id='word_1_285' title='bbox 0 0 1240 3938; x_wconf 95' lang='lat' dir='ltr'><strong> </strong></span> 
     </span>
    </p>
   </div>
  </div>
 </body>
</html>
