2458 3940
142 129 208 193 364
581 127 609 183 0-
628 127 727 182 PLINI

143 296 288 356 amarent
318 292 351 356 di
379 315 443 376 quo
472 293 568 356 modo
596 296 641 356 tu.
678 290 779 356 Estne
807 313 931 375 verum,
959 290 1045 373 quod
1075 291 1167 354 inter

144 383 207 446 ista
230 380 452 446 clamavimus:
490 379 533 444 ‘0
551 402 611 445 nos
633 380 782 445 felices'?
815 378 900 456 Quid
923 380 1008 444 enim
1031 380 1166 444 felicius

143 469 247 552 nobis,
271 470 388 553 quibus
410 491 476 534 non
499 471 563 534 iam
587 470 668 533 illud
687 469 862 553 optandum
882 473 940 553 est,
953 473 992 533 ut
1009 491 1068 533 nos
1089 469 1166 532 dili-

108 577 124 623 5
144 562 200 644 gat
213 559 371 643 princeps,
381 559 481 624 sedat
493 559 526 622 di
540 581 636 642 quem
651 558 691 622 ad
705 558 837 623 modum
851 558 1021 642 princeps?
1037 556 1163 623 Civitas

143 647 355 733 religionibus
387 647 495 712 dedita
532 669 719 732 semperque
757 648 889 712 deorum
922 647 1160 732 indulgentiam
1191 675 1201 713 ε

143 737 263 821 pietate
286 737 400 801 merita
427 737 508 800 nihil
532 737 680 800 felicitati
707 758 782 800 suae
809 740 904 819 putat
927 737 1026 800 astrui
1054 757 1164 819 posse,

144 826 207 889 nisi
230 829 267 889 ut
290 825 323 889 di
347 824 513 890 Caesarem
537 825 712 889 imitentur.

93 915 137 980 75
212 912 274 979 Sed
298 914 375 997 quid
398 914 526 1000 singula
550 917 716 979 consector
739 921 771 978 et
794 914 935 998 colligo?
963 913 1055 997 quasi
1083 935 1163 978 vero

144 1007 200 1068 aut
223 1004 368 1068 oratione
390 1004 561 1087 complecti
585 1007 640 1067 aut
663 1003 818 1067 memoria
847 1003 999 1086 consequi
1025 1002 1165 1093 possim,

144 1113 225 1174 quae
247 1115 315 1175 vos,
333 1097 440 1176 patres
461 1092 645 1175 conscripti,
662 1114 703 1156 ne
723 1113 787 1174 qua
803 1091 1009 1174 interciperet
1027 1091 1202 1176 oblivio,1o

144 1185 176 1246 et
198 1183 233 1246 in
257 1182 389 1265 publiea
411 1186 482 1246 acta
505 1181 662 1245 mittenda
684 1185 717 1245 et
739 1180 908 1244 incidenda
935 1181 969 1244 in
992 1202 1062 1244 aere
1088 1202 1164 1245 cen-

110 1271 262 1335 asuistis.
304 1270 389 1335 Ante
417 1271 579 1335 orationes
607 1271 789 1354 principum
816 1273 944 1334 tantum
972 1269 1040 1334 eius
1069 1270 1165 1333 modi

144 1381 260 1444 genere
292 1363 575 1424 monumentorum
607 1359 752 1422 mandari
788 1359 970 1423 aeternitati
1002 1358 1165 1442 solebant,

144 1449 390 1514 acclamationes
414 1449 543 1531 quidem
565 1451 694 1513 nostrae
713 1446 889 1532 parietibus
909 1447 1014 1514 curiae
1034 1447 1165 1512 claude

144 1537 269 1602 bantur.
306 1538 409 1602 Erant
435 1538 530 1620 enim,
554 1536 670 1619 quibus
698 1557 757 1601 nec
785 1540 913 1600 senatus
941 1537 1072 1622 gloriari
1100 1558 1164 1600 nee
1180 1565 1202 1606 ιε,

109 1627 304 1710 eprineipes
336 1631 476 1710 possent.
526 1625 594 1690 Has
627 1646 702 1690 vero
735 1629 767 1690 et
799 1626 834 1690 in
865 1627 982 1710 vulgus
1009 1625 1098 1690 exire
1128 1631 1166 1690 et

143 1715 281 1797 posteris
299 1715 393 1797 prodi
411 1735 484 1778 cum
504 1737 543 1778 ex
561 1715 702 1779 utilitate
720 1718 790 1778 tum
805 1737 845 1778 ex
859 1714 1015 1800 dignitate
1028 1714 1166 1798 publica

144 1803 216 1886 fuit,
239 1803 379 1886 primum
402 1807 439 1867 ut
463 1804 550 1868 orbis
573 1808 730 1868 terrarum
757 1803 888 1887 pietatis
914 1807 1042 1868 nostrae
1070 1803 1166 1867 adhi-

145 1892 274 1957 beretur
296 1893 387 1956 testis
412 1896 444 1956 et
468 1893 623 1975 conscius,
648 1892 760 1956 deinde
785 1895 823 1955 ut
845 1892 1052 1956 manifestum
1076 1899 1167 1958 esset

143 1981 261 2046 audere
283 2002 343 2046 nos
367 1981 406 2046 de
428 1981 523 2046 bonis
546 1982 702 2064 malisque
725 1981 924 2065 principibus
947 2003 1013 2046 non
1031 1985 1166 2046 tantum
1181 2011 1204 2050 ao

144 2074 219 2154 post
239 2072 327 2154 ipsos
346 2070 497 2153 iudicare,
514 2073 677 2154 postremo
696 2073 733 2133 ut
751 2071 969 2153 experimento
989 2091 1167 2156 cognosce—

143 2164 233 2224 retur
263 2162 296 2224 et
327 2164 401 2224 ante
429 2181 489 2224 nos
517 2163 635 2245 gratos,
663 2160 718 2224 sed
744 2160 879 2223 miseros
905 2159 1013 2242 fuisse,
1041 2160 1167 2242 quibus

109 2267 126 2313 4
145 2270 214 2313 esse
236 2270 295 2314 nor
319 2253 429 2334 gratos
448 2248 583 2332 probare
607 2253 701 2313 antea
718 2270 784 2312 non
801 2247 903 2312 licuit.
939 2246 1067 2332 Atque
1086 2270 1167 2313 con·

145 2338 297 2421 tentione,
312 2359 376 2421 quo
391 2337 474 2420 nisu,
493 2337 610 2421 quibus
630 2336 823 2402 clamoribus
842 2338 1084 2421 expostulatum
1103 2343 1167 2422 est,

144 2448 185 2490 ne
201 2427 333 2490 affectus
352 2429 489 2509 nostros,
506 2448 548 2490 ne
568 2430 625 2491 tua
648 2427 761 2490 merita
780 2427 1002 2510 supprimeres,
1021 2426 1166 2509 denique
1181 2455 1203 2494 a

110 2519 182 2581 out
204 2516 426 2598 inposterum
451 2516 598 2598 exemplo
621 2515 818 2599 provideres!
854 2514 990 2580 Discunt
1017 2519 1050 2579 et
1072 2517 1165 2600 prin-

146 2604 232 2688 cipes
255 2605 501 2669 acclamationes
520 2625 611 2668 veras
629 2605 790 2687 falsasque
809 2604 989 2668 discernere
1005 2603 1166 2669 habeant

145 2714 207 2776 que
230 2694 372 2757 muneris
394 2693 452 2776 tui,
476 2693 650 2776 quodiam
673 2693 778 2776 decipi
800 2715 867 2756 non
889 2696 1050 2776 potenmt.
1084 2693 1165 2759 Non

145 2783 367 2848 instruendum
385 2782 450 2846 illis
474 2782 535 2846 iter
558 2783 598 2846 ad
620 2781 738 2847 bonam
757 2783 885 2865 famam,
905 2781 960 2846 sed
982 2804 1049 2846 non
1073 2783 1164 2848 dese-

144 2873 288 2957 rendum,
310 2893 377 2936 non
399 2871 617 2935 submovenda
640 2871 792 2955 adulatio,
814 2871 871 2935 sed
893 2892 960 2935 non
978 2871 1165 2936 reducenda
1178 2897 1214 2936 a¹

145 2965 202 3024 est.
233 2958 363 3025 Certum
382 2963 439 3043 est,
458 2964 491 3024 et
510 2982 591 3043 quae
609 2960 712 3024 facere
732 2963 765 3024 et
785 2982 866 3043 quae
885 2960 1022 3024 debeant
1040 2961 1164 3044 audire,

111 3050 173 3114 csi
196 3050 324 3114 faciant.
367 3047 451 3125 Quid
478 3069 565 3113 nunc
592 3071 652 3134 ego
681 3071 776 3132 super
802 3071 849 3132 ea,
876 3071 957 3132 quae
985 3071 1057 3112 sum
1087 3071 1163 3114 cum

146 3142 216 3202 toto
240 3143 353 3202 senatu
371 3141 528 3222 precatus,
547 3159 607 3221 pro
626 3141 739 3202 senatu
757 3159 876 3222 precer,
894 3139 957 3202 nisi
974 3142 1011 3201 ut
1029 3137 1165 3204 haereat

146 3229 253 3290 animo
276 3230 333 3290 tuo
357 3227 520 3311 gaudium,
544 3227 629 3309 quod
653 3230 731 3290 tunc
754 3228 854 3292 oculis
874 3227 1049 3311 protulisti,
1072 3249 1163 3292 ames

218 3437 238 3511 4·
252 3435 285 3484 ut
302 3435 366 3488 add.
386 3435 472 3502 KH,
492 3437 593 3490 Baetr.
667 3443 699 3490 12
720 3437 794 3492 Ante
812 3439 842 3492 te
864 3439 934 3494 coni.
955 3438 1027 3492 Keil.
1042 3441 1127 3506 prot.

148 3505 262 3552 22m1s.
282 3517 328 3554 eos
347 3505 448 3558 Baete.
522 3512 554 3558 29
574 3508 696 3562 struend.
716 3507 731 3562 ‚9
