2442 3940
138 194 182 258 22
574 191 602 246 O.
622 191 720 246 PLINI

141 359 247 441 etiam,
270 357 297 420 si
321 356 416 421 modo
441 356 505 420 sint
526 355 666 439 decorae,
689 355 771 420 nihil
794 355 897 441 magis
921 376 1017 437 quam
1040 353 1158 436 ampli.

140 447 219 512 tudo
238 446 446 512 commendet.
483 443 573 510 Idem
593 445 791 509 orationibus
815 444 929 528 evenit,
953 442 1157 528 quinetiam
1212 515 1213 518 Ἴ

138 535 357 601 voluminibus
389 535 468 619 ipsis
499 535 723 598 auctoritatem
756 533 916 618 quandam
949 536 981 596 et
1012 530 1157 615 pulchri·
1212 573 1213 614 5

104 625 283 696 etudinem
310 624 408 688 adicit
437 623 635 709 magnitudo.
684 621 773 686 Haeo
800 621 855 690 ille
882 622 1049 705 multoque
1081 620 1157 702 alia,

139 736 220 798 quae
248 737 267 778 a
292 735 344 777 me
371 714 405 777 in
433 712 565 776 eandem
593 711 785 777 sententiam
808 711 913 775 solent
937 709 1013 788 dici,
1043 713 1080 774 ut
1104 714 1157 772 est
1186 731 1213 770 ss

54 851 79 908 Ὦ
138 804 172 867 in
191 802 383 887 disputando
407 799 727 886 inconprehensibilis
751 803 783 864 et
800 799 952 883 lubricus,
976 799 1021 862 ita
1040 797 1156 880 eludit,

7 904 62 970 ψ
71 857 175 1032 643'ut
194 891 366 956 contendat
384 891 444 954 hos
463 891 560 973 ipseo,
584 911 720 974 quorum
740 888 940 954 orationibus
958 887 1053 969 nitar,
1076 908 1157 970 pau·
1212 943 1213 964 ,

7 976 78 1104 NJ}
105 1005 119 1051 r
140 982 226 1046 oiora
246 979 371 1065 dixisse,
390 979 671 1134 quffldiderint.
701 977 773 1064 Ego
794 981 904 1080 contra
922 980 1012 1078 puto.
1040 974 1157 1128 Teffies
1212 979 1213 986 ’

7 1115 55 1222 o
138 1069 464 1242 urerer,
487 1065 1062 1240 stuttttdtttttztl
1080 1087 1199 1218 ssi-10

139 1247 272 1332 scriptio
304 1247 505 1332 quorumdam
538 1245 707 1311 criminum
740 1244 818 1310 solis
849 1244 953 1309 titulis
983 1242 1158 1306 indicatur.
1212 1329 1213 1334 ἵ

138 1337 190 1400 Ex
217 1336 268 1400 his
296 1338 429 1421 apparet
457 1336 549 1402 illum
579 1335 739 1419 permulta
769 1334 900 1416 dixisse,
933 1354 1007 1399 oum
1038 1330 1159 1415 ederet,
1212 1353 1213 1396 l

69 1498 72 1506 y
104 1425 293 1494 somisisse.
348 1423 437 1488 Idem
468 1445 528 1507 pro
561 1421 709 1488 Cluentio
745 1423 790 1486 ait
822 1444 855 1486 se
887 1425 991 1486 totam
1024 1441 1159 1484 causam
1212 1459 1213 1500 3

139 1517 246 1578 vetere
272 1512 421 1578 instituto
455 1512 560 1577 solum
592 1533 757 1595 perorasse
790 1514 826 1583 et¹
850 1532 908 1594 pro
940 1508 973 1574 0.
1003 1506 1158 1573 Cornelio
1212 1569 1213 1588 ,

140 1601 317 1686 quadriduo
341 1602 454 1687 egisse,
476 1623 516 1665 ne
536 1601 682 1666 dubitare
704 1601 875 1684 possimus,
899 1621 980 1683 quae
1003 1620 1061 1682 per
1084 1598 1159 1680 plu·
1175 1619 1199 1659 15

139 1713 190 1755 res
214 1691 290 1774 dies,
312 1694 349 1754 ut
375 1711 503 1754 necesse
531 1693 608 1773 erat,
634 1689 731 1754 latius
760 1688 885 1772 dixerit,
913 1691 1024 1772 postea
1052 1686 1159 1751 recisa
1212 1737 1213 1750 ,

139 1801 176 1844 ao
199 1783 371 1865 repurgata
393 1780 428 1842 in
449 1801 551 1843 unum
573 1778 693 1842 librum
714 1777 868 1864 grandem
892 1777 1030 1860 quidem,
1051 1797 1159 1840 unum
1212 1777 1213 1844 l

20 1907 71 1944 ...s
105 1873 247 1938 atamen
270 1872 436 1933 coartasse.
473 1865 519 1932 At
537 1868 624 1931 eliud
643 1871 691 1932 est
709 1867 794 1948 aqtio
813 1866 907 1949 bona,
930 1865 1018 1929 aliud
1041 1864 1160 1929 oratio.
1212 1865 1213 1894 ³

7 1993 8 1998 κ
141 1955 214 2023 Soio
246 1979 312 2022 non
341 1957 438 2022 nullis
471 1957 516 2021 ita
546 1956 656 2040 videri,
686 1955 742 2020 sed
772 1977 831 2041 ego
863 1952 1013 2041 (forsitan
1044 1951 1158 2039 fallar)
1212 1969 1213 1980 ¹

140 2068 328 2130 persuasum
355 2047 458 2111 habeo
485 2067 580 2129 posse
605 2045 684 2127 fieri,
706 2048 744 2109 ut
767 2044 810 2108 sit
837 2044 921 2108 aetio
950 2042 1043 2126 bona,
1071 2064 1200 2126 quaeso

140 2157 207 2199 non
230 2135 272 2200 sit
295 2137 380 2200 bona
403 2135 515 2220 oratio,
538 2156 604 2199 non
626 2155 721 2219 posse
745 2137 852 2197 autem
874 2154 941 2196 non
963 2131 1081 2196 bonam
1106 2153 1161 2196 ao-

140 2223 262 2287 tionem
291 2245 368 2308 esse,
396 2245 477 2307 quae
505 2224 548 2288 sit
574 2222 661 2287 bone
688 2222 800 2286 oratio.
846 2221 907 2286 nst
933 2220 1018 2284 enim
1050 2221 1160 2284 oratio

89 2333 122 2382 10
141 2313 276 2376 aetionis
296 2311 458 2396 exemplar
477 2315 509 2376 et
530 2311 620 2396 quasi
645 2309 838 2396 ἀρχέτυπον.
874 2308 950 2374 Ideo
975 2311 1010 2373 in
1032 2308 1162 2392 optima
1212 2339 1213 2378 1

141 2422 267 2484 quaque
298 2401 388 2466 mille
419 2401 540 2486 figuras
572 2401 803 2483 extemporales
833 2399 1023 2480 invenimus
1051 2397 1086 2461 in
1116 2397 1161 2462 iis
1212 2451 1213 2464 ,

141 2491 247 2570 etiam,
271 2513 351 2574 quas
373 2494 500 2555 tantum
523 2489 624 2554 editas
648 2490 775 2572 scimus,
798 2492 835 2553 ut
858 2489 893 2552 in
915 2486 1064 2551 Verrem:
1090 2485 1161 2550 ‘ar-
1176 2508 1200 2547 as

140 2580 261 2644 tificem
289 2579 407 2662 quem?
433 2579 626 2660 quemnam?
654 2582 739 2644 recto
764 2577 930 2661 admones;
957 2575 1161 2658 Polyclitum

83 2661 96 2745 ³,
142 2688 210 2734 esse
229 2668 397 2734 dicebant?
431 2666 584 2751 Sequitur
600 2687 685 2752 orgo,
699 2671 736 2731 ut
750 2667 834 2731 actio
849 2666 892 2730 sit
906 2663 1161 2748 absolutissimo,

86 2752 91 2771 ”
143 2779 224 2840 quae
255 2757 394 2822 maxime
427 2757 580 2820 orationis
613 2755 857 2821 similitudinem
891 2752 1094 2837 expresserit,
1130 2754 1162 2818 si
1212 2759 1213 2824 i

84 2838 90 2856 ¹
142 2845 238 2910 modo
271 2847 392 2911 iustum
426 2847 459 2909 et
491 2844 636 2909 debitum
667 2845 805 2928 tempus
826 2844 977 2926 accipiat3
1010 2841 1097 2925 quod
1131 2843 1161 2906 si
1212 2829 1213 2906 l

90 2938 287 3019 11negetur,
310 2935 399 3000 nulla
423 2934 568 3017 oratoris,
590 2933 731 2997 maximo
753 2932 868 2996 iudicis
892 2934 986 3016 culpa
1004 2933 1061 2996 est.
1091 2927 1161 2996 Ad·
1175 2953 1200 2992 ao

78 3046 112 3111 ζ
145 3026 220 3086 sunt
237 3022 314 3088 huio
332 3023 478 3107 opinioni
496 3024 694 3112 meae,leges,
710 3043 791 3106 quae
807 3021 997 3106 longissime
1010 3024 1162 3103 tempora
1212 3073 1213 3108 ,

86 3122 92 3153 l
143 3109 325 3196 largiuntur
346 3133 404 3176 neo
427 3111 618 3176 brevitatem
641 3109 830 3193 dicentibus,
857 3111 913 3174 sed
935 3109 1072 3192 copiam,
1094 3100 1172 3174 hoo'
1210 3139 1213 3206 r,

145 3204 194 3264 est
217 3200 425 3286 diligentiam,
449 3201 595 3286 suadent3
619 3220 717 3283 quam
735 3201 896 3282 praestare
915 3198 979 3264 nisi
1001 3197 1035 3262 in
1058 3219 1163 3283 angu-
1212 3209 1213 3276 ζ

92 3309 125 3358 12
145 3288 295 3354 stissimis
325 3290 428 3354 causis
458 3311 523 3354 non
550 3292 658 3373 potest
686 3289 834 3354 brevitas.
879 3286 1039 3368 Adiciam,
1071 3289 1164 3370 quod
1212 3281 1213 3344 l

146 3399 197 3442 me
226 3378 334 3443 docuit
360 3401 451 3460 usus,
480 3381 634 3465 magister
666 3378 823 3463 egregius.
868 3375 1064 3460 Frequenter
1097 3378 1163 3462 egi,
1176 3401 1213 3441 ss

218 3578 251 3625 21
272 3571 366 3626 autern
385 3572 468 3640 Fpr,
490 3570 550 3626 Ouo
564 3574 626 3636 296,
646 3586 697 3624 orn.
718 3569 845 3636 MVso,
865 3570 902 3624 K.
