2482 3942
156 159 222 224 214
510 173 513 178 ·
591 157 619 212 C.
638 157 736 212 PLINI

155 323 211 406 qui
233 323 386 388 fratribus
409 323 474 387 illis
498 323 590 405 quasi
611 320 679 386 fato
703 321 828 404 datum,
855 324 892 384 ut
914 320 1030 391 divites
1053 320 1171 384 fierent

154 412 357 476 invitissimis
379 413 431 495 iis,
453 411 609 495 aquibus
626 411 705 476 facti
723 414 807 476 sunt.
836 408 1037 485 Quinetiam
1057 408 1172 473 Domi·

154 500 218 565 tius
241 498 332 583 Afer,
363 501 419 584 qui
441 500 515 564 illos
542 501 576 564 in
599 520 718 564 nomen
744 499 938 583 adsumpsit,
968 499 1102 581 reliquit
1127 502 1172 563 te

154 593 350 654 stamentum
382 593 456 654 ante
488 589 597 655 decem
635 594 667 653 et
703 592 776 653 octo
808 610 910 652 annos
946 591 1171 671 nuncupatum

14 739 15 752 ξ
152 678 295 762 adeoque
331 681 444 763 postea
480 679 686 762 inprobatum
727 677 808 761 sibi,
845 681 882 741 ut
917 677 1018 761 patris
1056 697 1205 740 eorume

117 784 133 832 6
152 767 237 833 bona
254 767 482 851 proscribenda
501 768 668 832 curaverit.
691 765 774 830 Mira
796 767 885 830 illius
904 767 1068 850 asperitas,
1086 766 1171 829 mira

152 856 288 921 felicitas
311 856 441 940 horum,
473 857 560 921 illius
593 856 762 940 asperitas,
794 855 850 938 qui
882 876 1015 919 numero
1048 855 1170 919 civium

152 945 281 1029 excidit,
304 967 399 1028 quem
423 946 545 1010 socium
569 945 666 1010 etiam
689 945 724 1008 in
745 944 856 1008 liberis
878 943 1007 1027 habuit,
1029 943 1171 1008 felicitas

150 1035 281 1118 horum,
295 1034 412 1118 quibus
426 1035 579 1100 successit
593 1035 748 1099 inlocum
761 1034 872 1118 patris,
894 1034 950 1116 qui
968 1036 1093 1117 patrem
1115 1033 1171 1096 ab·

116 1139 132 1188 '1
152 1124 293 1188 etulerat.
324 1121 387 1188 Sed
400 1123 479 1189 haec
494 1144 622 1207 quoque
640 1123 800 1188 hereditas
814 1121 888 1186 Afri
905 1127 943 1186 ut
955 1121 1079 1204 reliqua
1094 1143 1170 1186 cum
1184 1146 1205 1186 ro

150 1211 249 1277 fratre
271 1213 415 1296 quaesita
437 1211 684 1278 transmittenda
702 1215 793 1276 erant
810 1212 896 1276 filiae
918 1211 1037 1294 fratris,
1063 1233 1082 1274 a
1104 1232 1170 1294 quo
1226 1215 1227 1290 l

151 1299 265 1366 Tullus
280 1323 319 1366 ex
333 1323 403 1366 asse
412 1300 505 1367 heres
519 1303 689 1366 institutus
703 1302 932 1384 praelatusque
950 1301 1034 1364 filiae
1053 1299 1170 1382 fuerat,

151 1393 188 1454 ut
224 1391 455 1455 conciliaretur.
511 1389 581 1467 Quo
617 1389 811 1454 laudabilius
844 1392 1072 1454 testamentum
1111 1393 1170 1471 est,

151 1478 238 1560 quod
259 1479 371 1562 pietas,
393 1479 481 1562 fides,
504 1479 608 1563 pudor
631 1479 769 1563 scripsit,
792 1479 827 1541 in
850 1499 914 1562 quo
938 1478 1075 1560 denique
1101 1498 1168 1541 om·
1226 1503 1227 1528 1

150 1567 245 1631 m'bus
274 1567 494 1632 adfinitatibus
523 1589 582 1652 pro
612 1569 766 1651 cuiusque
795 1567 903 1633 officio
932 1567 1035 1653 gratia
1065 1568 1168 1630 relata
1180 1589 1201 1630 1⁵

116 1670 133 1720 8
152 1658 209 1738 est,
231 1656 332 1720 relata
354 1660 387 1720 et
408 1658 510 1720 uxori.
555 1654 690 1740 Accepit
713 1657 956 1721 amoenissimas
979 1655 1087 1738 villas,
1117 1676 1168 1720 ac·
1226 1737 1227 1740 Ἴ

152 1743 238 1827 cepit
260 1767 410 1830 magnam
432 1746 601 1829 pecuniam
624 1767 707 1809 uxor
730 1747 853 1829 optima
876 1749 909 1810 et
931 1745 1168 1828 patientissima
1226 1759 1227 1790 ³

152 1853 189 1897 ac
211 1836 302 1897 tanto
325 1834 440 1898 melius
464 1834 503 1898 da
524 1835 594 1898 viro
618 1835 746 1917 merita,
777 1838 897 1918 quanto
921 1835 1025 1920 magis
1049 1837 1098 1898 est
1121 1855 1167 1897 re
1226 1829 1227 1840 ’

144 1920 319 2006 prehensa,
352 1923 438 2006 quod
464 1925 584 2007 nupsit.
629 1922 714 1987 Nam
742 1924 859 1987 mulier
881 1922 1043 1987 natalibus
1072 1923 1166 2005 clara,

150 2011 294 2076 moribus
316 2012 430 2096 proba,
453 2015 557 2076 aetate
580 2012 726 2095 declivia,
750 2011 805 2076 diu
827 2012 939 2095 vidua,
961 2015 1064 2076 mater
1087 2012 1165 2076 olim
1178 2035 1200 2074 n

149 2122 263 2183 parum
295 2101 408 2166 decore
440 2105 548 2166 secuta
580 2102 822 2165 matrimonium
854 2101 1025 2166 videbatur
1054 2100 1164 2164 divitis

151 2190 235 2254 senis
265 2190 311 2254 ita
332 2190 450 2274 perditi
477 2191 605 2272 morbo,
637 2195 673 2254 ut
701 2212 769 2254 esse
796 2191 902 2254 taedio
930 2193 1040 2274 posset
1062 2191 1165 2272 uxori,

115 2293 131 2340 a
151 2299 247 2360 quam
261 2279 385 2343 iuvenis
404 2300 562 2362 sanusque
582 2279 733 2344 duxisset.
758 2277 883 2364 Quippe
899 2278 1049 2343 omnibus
1067 2301 1165 2342 mem·

150 2366 217 2431 bris
240 2371 384 2432 extortus
408 2367 582 2433 attractus
606 2371 712 2432 tantas
736 2389 812 2451 opes
836 2369 914 2432 solis
933 2367 1035 2432 oculis
1054 2366 1166 2432 obibat

150 2476 188 2519 ac
210 2479 250 2520 ne
274 2457 308 2520 in
325 2457 444 2522 lectulo
468 2456 598 2540 quidem
616 2457 680 2522 nisi
698 2457 738 2521 ab
757 2457 830 2520 aliis
849 2457 1047 2521 movebatur.
1079 2454 1200 2532 Quina

150 2545 247 2609 etiam
271 2542 415 2631 (foedum
438 2547 717 2629 miserandumque
740 2543 843 2632 dictu)
872 2546 984 2610 dentes
1011 2545 1165 2610 lavandos

149 2633 374 2718 fricandosque
397 2635 577 2718 praebebat.
622 2633 780 2699 Auditum
806 2635 991 2718 frequenter
1019 2656 1057 2698 ex
1086 2635 1167 2718 ipso,

151 2744 224 2787 cum
248 2727 433 2807 quereretur
455 2723 494 2788 de
518 2725 720 2789 contumeliis
740 2723 916 2788 debilitatis
936 2744 1022 2806 suae,
1045 2722 1165 2808 digitos
1226 2743 1227 2752 ¹

99 2827 133 2876 10
152 2833 186 2876 se
205 2833 369 2877 servorum
388 2834 519 2876 suorum
544 2813 661 2877 cotidie
683 2813 813 2898 lingere.
844 2811 984 2877 Vivebat
1002 2816 1112 2876 tamen
1135 2817 1167 2876 et

151 2901 258 2965 vivere
281 2902 410 2966 volebat
433 2905 633 2966 sustentante
651 2903 790 2966 maxime
806 2923 915 2985 uxore,
938 2923 1019 2985 quae
1038 2901 1165 2986 culpam
1178 2925 1200 2964 rr

151 2989 295 3054 inchoati
317 2991 515 3055 matrimonii
537 2991 573 3055 in
596 2992 732 3078 gloriam
755 2991 991 3074 perseverantia
1018 2993 1165 3054 verterat.

104 3094 138 3142 11
219 3077 328 3144 Habes
352 3101 462 3144 omnes
481 3079 607 3144 fabulas
626 3081 730 3164 urbis,
753 3102 829 3143 nam
849 3083 924 3144 sunt
948 3100 1058 3144 omnes
1076 3078 1167 3143 fabu-
1226 3093 1227 3150 l

152 3168 203 3230 lae
225 3166 346 3232 Tullus.
386 3167 585 3253 Expectatur
607 3171 722 3234 auctio.
764 3168 840 3232 Fuit
864 3170 950 3233 enim
973 3172 1040 3232 tam
1059 3169 1165 3253 copie·

153 3277 218 3336 sus,
236 3260 273 3319 ut
292 3259 507 3341 amplissimos
531 3257 643 3322 hortos
667 3258 787 3341 eodem,
811 3279 875 3341 quo
898 3261 1026 3339 emerat,
1050 3257 1103 3322 die
1120 3259 1164 3321 in-

153 3345 306 3408 struxerit
323 3347 472 3429 plurimis
491 3351 523 3411 et
542 3347 774 3430 antiquissimis
793 3348 917 3413 statuis.
958 3346 1100 3410 Tantum
1120 3347 1165 3410 illi
1177 3367 1198 3408 n
1226 3403 1227 3428 ,

158 3469 370 3478 --———.-.

226 3540 241 3587 2
261 3535 296 3588 iis
315 3537 379 3590 add.
451 3544 468 3590 4
486 3541 548 3592 octo
568 3542 596 3593 et
615 3539 711 3594 decem
729 3559 755 3595 a.
