2480 3942
149 153 213 216 296
463 152 491 207 C.
511 153 609 207 PLINI
627 153 675 206 ΕΤ
693 153 845 208 TRAIANI

149 338 203 384 cae
218 316 427 402 debebantur,
450 319 578 402 exlege
597 317 751 402 cuiusque
769 317 1086 383 animaduertendum
1109 322 1171 383 est.

147 405 241 490 Nam,
264 406 331 470 siue
354 407 474 471 habent
496 407 710 492 privilegium,
734 428 797 490 quo
818 408 930 472 ceteris
951 407 1170 472 creditoribus

148 497 398 578 anteponantur,
427 496 671 561 custodiendum
694 499 757 581 est,
789 496 855 560 sive
877 518 944 562 uon
966 496 1103 580 habent,
1132 498 1170 560 in

148 584 298 647 iniuriam
321 583 355 647 id
379 585 446 648 dari
470 607 558 649 ame
581 606 648 648 non
671 583 841 669 oportebit.

560 748 618 808 ΟΧ.
643 744 746 829 [cxl]
1196 773 1208 811 s

346 850 373 897 C.
397 849 537 898 PLINIUS
562 851 714 898 TRAIANO
739 851 965 898 IMPERATORI.

113 956 126 1002 1
214 939 363 1025 Ecdicus‚
377 940 514 1024 domine,
527 938 755 1005 Amisenorum
770 941 909 1004 civitatis
927 941 1057 1025 petebat
1075 942 1168 1024 apud

147 1052 198 1093 me
231 1051 250 1093 a
280 1027 365 1094 Iulio
396 1027 513 1093 Pisone
550 1028 753 1093 denariorum
786 1030 913 1094 circiter
949 1030 1168 1114 quadraginta

147 1119 237 1182 milia
268 1119 386 1182 donata
418 1119 447 1182 ei
478 1119 607 1201 publice
639 1121 713 1182 ante
744 1119 860 1203 viginti
891 1140 991 1183 annos
1023 1117 1101 1183 bule
1131 1124 1167 1183 et

147 1208 280 1272 ecclesia
298 1208 516 1272 consentiente
535 1208 749 1291 utebaturque
762 1208 921 1272 mandatis
944 1209 1020 1291 tuis,
1042 1206 1167 1291 quibus
1184 1235 1208 1274 n

111 1311 127 1359 a
147 1297 214 1360 eius
233 1297 320 1361 modi
344 1295 532 1361 donationes
551 1299 708 1361 vetantia.
745 1295 821 1362 Piso
840 1300 951 1362 contra
969 1297 1111 1380 plurima
1130 1321 1168 1361 se

146 1387 181 1448 in
207 1408 275 1450 rem
303 1385 466 1468 publicam
495 1385 669 1449 contulisse
697 1406 733 1448 ac
755 1407 856 1470 prope
882 1389 968 1450 totas
991 1386 1168 1452 facultates

147 1496 295 1561 erogasse
327 1474 461 1546 dicebat.
490 1492 492 1496 ’
520 1473 669 1538 Addebat
701 1475 798 1538 etiam
830 1476 984 1558 temporis
1020 1476 1167 1559 spatium

146 1564 402 1647 postulabatque,
425 1585 466 1627 ne
488 1563 531 1647 id,
555 1563 641 1646 quod
663 1585 722 1647 pro
741 1564 852 1628 multis
872 1566 904 1628 et
923 1565 1000 1627 olim
1023 1565 1168 1648 accepis-

148 1655 208 1735 set,
237 1672 310 1716 cum
334 1653 497 1716 eversione
524 1653 666 1735 reliquae
690 1652 856 1738 dignitatis
878 1651 1012 1716 reddere
1033 1672 1209 1737 cogere-1⁵

147 1743 207 1804 tur.
254 1739 377 1817 Quibus
401 1762 440 1804 ex
464 1742 567 1805 causis
591 1743 749 1826 integram
774 1742 992 1826 cognitionem
1015 1740 1168 1806 differen-

147 1829 219 1892 dam
243 1830 438 1912 existimavi,
464 1833 501 1893 ut
524 1832 569 1913 te,
598 1831 740 1913 domine,
768 1831 981 1914 consulerem,
1013 1831 1093 1914 quid
1117 1853 1168 1896 sa

147 1917 308 2002 quendum
331 1921 470 2002 putares.

547 2046 620 2106 cxi.
645 2042 765 2127 [orn]
929 2095 936 2106 .

492 2149 663 2196 TRAIANUS
687 2149 817 2197 PLINIO.
1185 2163 1210 2200 20

214 2236 303 2301 Sicut
317 2239 503 2324 largitiones
519 2260 557 2303 ex
575 2239 706 2322 publico
725 2239 796 2302 fieri
810 2239 961 2303 mandata
978 2239 1170 2324 prohibent,

146 2328 205 2408 ita,
227 2347 267 2390 ne
290 2327 467 2390 multorum
490 2329 643 2400 securitas
667 2328 853 2410 subruatur,
881 2327 983 2391 factas
1006 2330 1080 2391 ante
1105 2329 1170 2392 eli-

146 2417 301 2498 quantum
325 2417 478 2517 temporis
496 2417 663 2518 retractari
686 2420 782 2499 atque
800 2417 835 2480 in
853 2417 986 2480 inritum
1005 2415 1171 2483 vindicari

48 2555 49 2563 ‘
145 2507 385 2678 tricast
404 2503 935 2674 attestantia?
948 2508 1170 2660 libili

145 2681 422 2833 ppppsvppjiusque
451 2682 515 2744 loci
545 2702 641 2764 quam
671 2683 825 2764 pecuniae
857 2681 1005 2766 publicae
1035 2687 1170 2750 consul-

528 2875 776 2960 oxu.[cx1u]

342 2973 369 3027 C.
394 2980 533 3028 PLINIUS
558 2981 711 3028 TRAIANO
736 2981 963 3030 IMPERATORI.

111 3085 125 3131 1
211 3069 278 3134 Lex
313 3068 483 3157 Pompeia,
519 3071 661 3154 domine,
697 3094 761 3155 qua
796 3070 932 3156 Bithyni
968 3075 1001 3136 et
1032 3071 1168 3140 Pontici
1182 3103 1229 3158 a1

145 3161 288 3240 utuntur,
312 3181 375 3244 eos,
399 3161 455 3243 qui
478 3161 513 3224 in
535 3161 633 3224 bulen
655 3183 674 3224 a
698 3161 883 3228 censoribus
900 3162 1061 3246 leguntur,
1087 3163 1167 3229 dare
1228 3177 1229 3238 ζ

145 3248 313 3327 pecuniam
349 3269 415 3312 non
446 3249 548 3335 iubet3
585 3249 640 3314 sed
676 3250 713 3328 ii,
751 3271 831 3333 quos
868 3249 1069 3336 indulgentia
1107 3257 1167 3317 trra
1228 3239 1229 3281 ¹

147 3332 337 3415 quibusdam
361 3338 544 3402 civitatibus
567 3359 663 3422 super
689 3340 871 3424 legitimum
901 3360 1071 3404 numerum
1096 3342 1166 3406 adi-

147 3439 217 3482 cere
239 3425 393 3506 permisit,
416 3429 448 3489 et
472 3427 598 3510 singula
621 3427 711 3491 milia
734 3427 937 3492 denariorum
960 3431 993 3491 et
1014 3429 1092 3492 bina
1116 3433 1166 3494 iu-

112 3523 127 3568 a
146 3507 297 3571 tulerunt.
329 3507 462 3575 Anicius
482 3514 595 3578 deinde
608 3515 768 3580 Maximus
787 3517 961 3598 proconsul
979 3537 1034 3580 eos
1054 3519 1165 3604 etiam,
1179 3545 1201 3584 a
