2468 3938
147 135 210 199 108
592 135 619 190 C.
639 135 737 190 PLINl

147 299 276 381 quires?
304 299 424 382 ubique
451 299 530 363 vitia
556 298 705 366 remediis
732 298 876 364 fortiora.
923 295 1034 364 ’Λλλὰ
1057 308 1162 364 ταῦτα

145 396 191 475 τῷ
216 384 298 473 ὑπὲρ
322 387 406 471 ἡμᾶς
424 388 583 472 μειήσει’,
603 389 654 452 cui
672 390 811 453 multum
831 388 949 453 cotidie
967 389 1162 471 vigiliarum,

145 453 286 541 niultum
308 477 428 542 laboris
447 476 546 541 adicit
563 439 643 542 liaeo
661 478 798 542 nostra
789 481 926 542 merset
944 481 1054 544 tamen
1073 478 1162 542 effre

146 568 222 630 neta
245 569 300 649 pet
285 567 400 630 tt'ulan
377 569 430 630 tia.
477 565 566 631 Vale.

598 731 704 788 XXVI.
1189 752 1201 792 ι

325 831 353 879 0.
376 831 516 880 PLINIUS
540 831 687 880 METILIO
711 832 842 880 NEPOTI
865 831 931 880 SUO
955 831 982 881 S.

112 937 125 984 1
212 918 310 1003 Petis,
333 925 370 985 ut
393 922 520 986 libellos
548 943 646 1004 meos,
675 942 755 1005 quos
783 922 1017 987 studiosissime
1046 942 1162 1006 conpa-

145 1010 233 1093 rasti,
254 1009 531 1096 recognoscendos
554 1009 833 1094 emendandosque
859 1032 975 1076 curem.
1021 1009 1160 1076 Faciam.

146 1098 231 1175 Quid
262 1100 348 1164 enim
381 1100 542 1183 suscipere
573 1099 727 1164 libentius
760 1099 875 1183 deboc,
906 1103 939 1164 tc
970 1101 1160 1183 praesertim

110 1205 125 1252 ι
145 1188 317 1274 exigente?
353 1187 448 1271 Nam,
472 1209 545 1252 cum
567 1189 618 1252 vir
640 1189 858 1274 gravissimus,
877 1189 1091 1272 doctissimus,
1115 1189 1161 1252 di·
1175 1215 1202 1255 ιι

146 1278 350 1361 sertissimus,
378 1299 474 1360 super
499 1277 578 1342 haec
607 1278 882 1360 occupatissimus,
906 1279 1065 1342 maximae
1088 1300 1161 1363 pro-

145 1367 269 1430 vinciae
291 1367 496 1450 praefuturus
519 1368 602 1430 tenti
629 1370 723 1450 putes
746 1366 865 1450 scripta
892 1370 1002 1431 nostra
1027 1367 1161 1431 circum-

144 1456 227 1519 ferre
250 1459 367 1538 tecum,
387 1459 507 1538 quanto
527 1477 623 1538 opere
641 1455 722 1519 mihi
740 1455 973 1538 providendum
993 1459 1050 1538 est,
1068 1479 1109 1520 ne
1128 1461 1160 1520 te

145 1544 224 1608 haec
251 1566 325 1627 pars
354 1545 549 1609 sarcinarum
577 1547 742 1627 tamquam
774 1565 970 1628 supervacua
998 1545 1161 1610 offendat?

110 1648 125 1696 3
145 1629 283 1696 Adnitar
306 1653 392 1718 ergo,
414 1633 555 1717 primum
579 1637 616 1696 ut
639 1634 772 1698 comites
795 1634 874 1698 istos
899 1656 995 1717 quam
1019 1653 1160 1698 commo·
1174 1660 1201 1700 ιι

146 1720 294 1786 dissimos
317 1721 446 1804 habeas,
465 1722 579 1787 deinde
596 1726 634 1786 ut
652 1744 797 1787 reversus
815 1723 969 1805 invenias,
989 1744 1069 1806 quos
1088 1723 1160 1787 istis

145 1809 260 1874 addere
287 1811 376 1874 velis.
421 1809 535 1894 Neque
567 1811 652 1874 enim
685 1811 889 1876 mediocriter
920 1833 972 1875 me
1004 1811 1045 1875 ad
1075 1833 1160 1876 nova
1225 1841 1226 1868 ι

145 1920 242 1982 opera
266 1903 302 1963 tu
324 1900 427 1964 lector
448 1900 597 1964 hortaris.
644 1898 733 1964 Vale.
1225 1889 1226 1945 l

591 2064 714 2124 xxvii.

308 2165 336 2214 c.
359 2164 499 2212 eminus
523 2164 678 2213 roureio
702 2164 856 2213 siccem
880 2165 945 2214 sco
970 2165 996 2214 e.
1173 2176 1200 2216 ιι
1224 2189 1225 2222 ι

111 2271 125 2317 1
212 2255 340 2320 Tertius
368 2255 435 2319 dies
468 2258 529 2337 est,
562 2254 649 2338 quod
680 2255 789 2319 audivi
820 2256 1007 2320 recitantem
1033 2253 1160 2320 Serium
1224 2237 1225 2279 ι

145 2342 350 2429 Augurinum
378 2364 450 2407 oum
479 2365 604 2408 summa
632 2365 703 2408 mea
726 2346 906 2428 voluptate,
933 2345 1033 2410 immo
1062 2346 1161 2410 etiam

146 2433 365 2498 admiratione.
397 2431 564 2497 Poematia
583 2435 732 2517 appellat.
768 2432 872 2497 Multa
890 2435 1038 2516 tenuiter,
1056 2436 1161 2498 multa

146 2523 335 2605 sublimiter,
356 2523 458 2585 multa
476 2525 618 2603 venuste,
636 2523 739 2586 multa
757 2526 874 2604 tenere,
893 2524 996 2586 multe
1015 2521 1161 2605 dulciter,
1223 2549 1224 2606 ἦ

110 2613 248 2677 amulta
285 2632 358 2674 cum
390 2611 465 2675 bile.
510 2608 647 2693 Aliquot
683 2610 775 2674 anuis
806 2613 886 2695 puto
918 2611 1002 2676 nihil
1033 2614 1160 2695 generis
1174 2637 1198 2677 ιι

146 2700 287 2766 eiusdem
314 2700 493 2766 absolutius
522 2700 686 2783 scriptum,
712 2700 775 2764 nisi
802 2700 887 2765 forte
913 2722 965 2764 me
991 2700 1078 2766 fallit
1104 2705 1162 2765 aut

111 2805 126 2852 3
145 2811 236 2854 amor
258 2790 336 2872 eius,
358 2792 415 2854 aut
438 2788 524 2872 quod
547 2789 653 2871 ipsum
676 2810 728 2853 me
754 2787 904 2853 laudibus
932 2789 1029 2854 vexit.
1074 2788 1160 2854 Nam

145 2880 262 2942 lemma
286 2878 347 2942 sibi
371 2879 517 2961 sumpsit,
541 2877 627 2961 quod
650 2899 710 2962 ego
729 2877 891 2942 interdum
909 2879 1054 2943 versibus
1073 2878 1161 2944 ludo.

144 2963 254 3049 Atque
276 2966 355 3031 adeo
378 2966 489 3032 iudicii
513 2967 576 3030 mei
599 2969 631 3030 te
654 2965 793 3031 iudicem
816 2967 942 3050 faciam,
966 2967 991 3032 si
1016 2967 1097 3032 mihi
1121 2990 1161 3032 ex

145 3056 208 3119 hoc
230 3057 300 3138 ipso
323 3058 475 3120 lemmate
497 3054 653 3120 secundus
676 3077 788 3120 versus
806 3057 994 3139 occurrerit3
1017 3078 1093 3122 nam
1111 3077 1159 3122 ee-
1173 3081 1199 3120 ιι

146 3148 231 3208 toros
255 3148 357 3227 tenco,
380 3149 413 3209 et
436 3146 500 3210 iam
524 3144 672 3227 explicui.

218 3375 365 3439 {Qrcccgn
385 3371 630 3439 emendandosque
647 3372 757 3439 Dprc,
777 3373 814 3426 K.
821 3374 846 3437 1,
869 3371 929 3426 Ouo
944 3376 1004 3438 301,
1023 3372 1159 3443 legendos

145 3441 521 3508 recognoscendosqueRM
529 3444 559 3509 V,
569 3444 606 3497 K.
613 3444 654 3495 H.
705 3448 737 3495 13
753 3413 886 3511 quantop.
899 3445 937 3497 M
945 3445 973 3498 V.
993 3444 1041 3498 Ad
1046 3462 1076 3512 p
1084 3450 1108 3499 7.
1118 3451 1159 3499 17

147 3516 178 3562 21
192 3510 300 3563 Senum
312 3513 610 3588 Mommciad.p.425,
622 3512 829 3584 Sentiumoulq.
862 3515 1013 3583 asme1pe
1025 3517 1159 3585 RFpro.
1220 3595 1221 3598 Ἴ
