2468 3938
155 171 199 235 80
590 170 617 226 Ο.
636 170 735 224 PLINI

103 352 134 398 11
222 333 331 398 Habes
354 337 425 397 acta
450 356 521 398 mea
544 334 656 417 tridui,
680 335 797 417 quibus
821 335 959 420 cognitis
987 336 1078 398 volui
1102 339 1171 398 tan·
1223 319 1224 324 ἵ

154 426 225 486 111111
252 427 285 486 10
313 424 489 506 voluptatis
517 423 682 486 absentem
711 429 744 489 et
771 425 950 488 studiorum
978 425 1111 487 nomine
1140 427 1172 486 et

154 533 226 576 meo
242 533 361 596 capere,
377 515 533 595 quantum
547 534 697 595 praesens
710 514 872 597 percipere
886 513 1056 596 potuisses.
1080 511 1171 576 Vale.

623 660 700 718 XIX.

347 759 537 807 0111111110
563 759 722 807 01111010
747 761 840 808 nuso
865 761 930 808 soe
955 760 981 808 s.
1199 770 1209 808 1

122 867 135 912 1
223 847 367 913 Adsumo
398 854 430 914 te
460 850 495 912 in
525 849 693 914 consilium
724 850 771 913 rei
799 850 976 932 familiaris,
1007 853 1044 913 ut
1072 851 1172 914 soleo.

154 937 288 1001 Praedia
311 938 396 1023 agris
420 939 500 1002 meis
524 940 628 1002 vicina
651 941 748 1021 atque
772 939 868 1002 etiam
897 940 1016 1002 inserta
1044 941 1172 1002 venalia

155 1031 238 1091 sunt.
275 1024 313 1090 In
336 1027 387 1092 his
412 1050 465 1091 me
493 1028 594 1090 multa
618 1028 807 1110 sollicitant,
831 1029 938 1111 aliqua
961 1049 1020 1092 nec
1043 1029 1172 1092 minora

119 1133 135 1178 2
155 1116 322 1181 deterrent.
356 1115 517 1180 Sollicitat
534 1117 674 1200 primum
694 1117 763 1200 ipsa
781 1115 987 1200 pulchritudo
1006 1117 1171 1202 iungendi,

154 1205 268 1269 deinde
291 1207 378 1289 quod
400 1228 467 1270 non
487 1206 593 1270 minus
612 1206 691 1269 utile
710 1227 806 1288 qnam
825 1207 1055 1288 voluptuosum
1074 1227 1170 1289 posse
1185 1231 1209 1269 10

154 1298 289 1378 utraque
309 1295 418 1359 eadem
439 1317 543 1378 opera,
558 1295 669 1358 eodem
683 1295 800 1358 viatico
816 1295 961 1376 invisere,
976 1294 1036 1358 snb
1056 1295 1170 1358 eodem

154 1387 361 1466 procuratore
390 1404 427 1448 ac
455 1405 555 1467 paene
585 1381 685 1447 isdem
716 1382 878 1447 actoribus
908 1383 1040 1465 habere,
1070 1406 1170 1447 unam

120 1473 265 1535 avillam
289 1473 394 1536 colere
417 1475 450 1536 et
478 1493 599 1554 ornare,
627 1473 760 1536 alteram
787 1475 915 1536 tantum
943 1472 1035 1535 tueri.
1081 1471 1171 1536 Inest

153 1559 230 1623 huic
253 1561 487 1644 computationi
510 1563 657 1643 sumptus
681 1561 898 1644 supellectilis,
921 1564 1069 1644 sumptus
1094 1563 1172 1624 atri·
1223 1595 1224 1604 ¹

155 1649 288 1731 ensium,
316 1649 535 1733 topiariorum,
561 1650 726 1713 fabrorum
757 1653 853 1732 atque
883 1650 980 1713 etiam
1010 1651 1172 1714 venatorii
1187 1675 1210 1715 15

154 1738 374 1821 instrumenti,
407 1760 488 1821 quae
524 1739 699 1821 plurimum
731 1739 829 1803 refert
860 1761 961 1802 unum
994 1739 1028 1801 in
1058 1739 1172 1803 locum
1223 1795 1224 1828 ,

118 1825 300 1890 soonferas
330 1849 372 1890 an
402 1827 436 1890 in
463 1828 587 1891 diversa
615 1827 787 1912 dispergas.
834 1826 953 1892 Contra
980 1849 1101 1910 vereor,
1129 1851 1172 1892 ne
1223 1833 1224 1892 ;

155 1915 199 1979 sit
221 1916 387 1979 incautum
414 1937 482 1980 rem
510 1919 577 1979 tam
605 1939 755 2002 magnam
783 1917 885 1981 isdem
913 1917 1172 2000 tempestatibus,
1223 1959 1224 2000 1

154 2004 255 2068 isdem
280 2005 405 2069 casibus
429 2006 577 2087 subdere3
601 2006 703 2069 tutius
725 2007 853 2069 videtur
874 2007 996 2069 incerta
1019 2005 1172 2070 fortunae
1223 2007 1224 2010 ’

154 2093 392 2175 possessionum
416 2095 625 2158 varietatibus
649 2095 793 2177 experiri.
834 2093 943 2158 Habet
965 2095 1062 2158 etiam
1087 2097 1172 2158 mul-
1186 2121 1224 2210 a,

155 2184 225 2244 tum
249 2181 456 2247 iucunditatis
480 2184 542 2247 soli
566 2183 708 2265 caelique
727 2184 864 2247 mutatio
883 2183 1016 2265 ipsaque
1040 2183 1097 2246 illa
1116 2207 1172 2267 pe·
1223 2219 1224 2276 ,

120 2270 330 2354 oregrinatio
355 2271 439 2334 inter
462 2293 527 2335 sua.
564 2270 642 2354 Iam,
667 2273 752 2354 quod
775 2272 1014 2336 deliberationis
1038 2276 1171 2336 nostrae
1223 2279 1224 2330 l

156 2362 253 2442 caput
276 2362 332 2441 est,
356 2361 426 2444 agri
448 2365 524 2424 sunt
545 2360 676 2442 fertiles,
699 2361 844 2445 pingues,
872 2361 993 2442 aquosi,
1017 2364 1171 2425 constant

155 2449 286 2530 campis,
308 2449 419 2532 vineis,
443 2449 540 2532 silvis,
564 2471 645 2532 quae
668 2451 834 2512 materiam
855 2453 887 2513 et
908 2472 948 2513 ex
968 2471 1006 2512 ea
1028 2449 1170 2514 reditum

120 2552 135 2598 c
155 2537 238 2600 siout
258 2537 420 2601 modicum
439 2538 485 2601 ita
503 2541 622 2602 statum
642 2541 814 2621 praestant.
851 2536 914 2602 Sed
932 2537 1011 2601 haec
1028 2537 1169 2603 felicitas
1184 2565 1208 2603 11

154 2629 257 2691 terrae
285 2626 443 2690 inbecillis
471 2627 648 2690 cultoribus
679 2627 842 2712 fatigatur.
887 2625 972 2690 Nam
1000 2647 1170 2709 possessor

154 2715 243 2797 prior
265 2715 391 2798 saepius
414 2715 557 2778 vendidit
579 2716 715 2801 pignora
738 2720 778 2798 et,
797 2716 873 2778 dum
892 2716 1015 2798 reliqna
1038 2717 1170 2780 colono-

154 2825 226 2866 rum
258 2804 376 2867 minuit
407 2804 447 2867 ad
478 2808 614 2886 tempus,
646 2805 728 2868 vires
757 2805 791 2868 in
817 2807 982 2887 posterum
1010 2804 1170 2886 exhausit,

121 2907 290 2972 squarum
329 2892 507 2956 defectione
546 2914 655 2956 rursus
691 2893 815 2976 reliqua
851 2896 1025 2957 creverunt.
1085 2891 1170 2956 Sunt

155 3001 231 3064 ergo
264 2981 442 3045 instruendi
474 2983 654 3064 complures
683 2981 770 3066 frugi
797 2982 973 3064 mancipes;
1000 3004 1076 3045 nam
1108 3003 1169 3046 nec
1184 3001 1224 3047 ao*

155 3068 223 3150 ipse
242 3091 377 3152 usquam
395 3071 520 3135 vinctos
539 3071 642 3135 habeo
656 3091 716 3134 nec
734 3071 780 3134 ibi
798 3071 976 3154 quisquam.
1005 3068 1169 3154 Superest,
1223 3081 1224 3144 l

155 3161 192 3221 ut
215 3158 304 3240 scias,
328 3161 440 3241 quanti
458 3159 626 3224 videantur
643 3181 739 3242 posse
762 3161 833 3224 emi.
871 3158 1025 3223 Sestertio
1049 3159 1170 3240 tricies,
1223 3221 1224 3238 ,

154 3268 221 3309 non
245 3248 407 3328 quianon
430 3249 601 3331 aliquando
626 3249 836 3334 quinquagies
855 3248 984 3331 fuerint,
1002 3269 1114 3311 verum
1136 3253 1169 3314 01
1223 3251 1224 3306 l

154 3335 216 3398 hac
237 3337 390 3417 paenuria
413 3339 601 3401 colonorum
627 3342 660 3401 et
683 3337 845 3401 communi
872 3336 1026 3420 temporis
1049 3337 1169 3420 iniqui-
1223 3369 1224 3390 1

227 3478 260 3525 30
280 3473 379 3542 compl.
401 3474 434 3527 fr.
454 3476 597 3545 mancipes
619 3476 725 3540 Coton,
749 3491 781 3529 ec
804 3475 901 3544 pluris,
926 3475 1008 3543 quod.
1033 3475 1066 3528 fr.
1086 3492 1168 3530 man·

156 3543 237 3611 cipiis
257 3545 303 3608 K,
323 3559 355 3596 eo
374 3544 468 3612 plures
487 3548 567 3615 Fpa.
