2458 3940
337 127 591 184 PANEGYRICUS
611 135 803 184 raa-1ea.
1011 131 1077 194 313

62 297 138 376 post
157 315 268 357 saevos
286 292 413 358 labores
428 292 569 376 duraque
587 292 722 377 imperia
739 295 809 379 regi
823 315 881 358 suo
900 293 1076 357 indomitus

63 404 191 466 semper
217 381 457 464 indefessusque
485 383 651 465 referebat,
679 403 751 446 oum
780 382 851 448 aliis
880 383 1075 465 superabas

63 471 322 555 expeditionibus
341 472 454 535 itinere
473 472 530 534 illo
550 471 666 556 dignus
684 472 881 536 invenireris.
914 469 1127 536 Tribunuslb

63 583 139 624 vero
164 560 429 625 disiunctissimas
453 563 553 624 terras
571 561 688 624 teneris
708 559 812 624 adhuc
830 561 921 624 annis
944 561 1005 624 viri
1024 562 1076 624 fir-

14 650 176 714 vsmitate
198 649 343 713 lustrasti
361 650 425 712 iam
448 653 526 712 tune
548 653 776 733 praemonente
798 651 937 732 fortuna,
960 653 997 713 ut
1020 650 1075 713 diu

60 738 254 822 penitusque
277 737 485 821 perdisceres‚
514 759 595 821 quae
622 759 698 802 mox
725 740 907 822 praecipere
936 738 1074 803 deberes.

59 826 176 909 Neque
208 827 294 890 enim
325 827 527 911 prospexisse
565 829 669 892 castra
700 827 893 911 brevemque
925 828 1109 891 militiama

60 916 154 998 quasi
178 917 329 980 transisse
357 919 526 980 contentus
553 916 600 979 ita
626 917 722 1001 egisti
749 916 925 1000 tribunum,
950 921 987 980 ut
1010 916 1075 980 dux

59 1025 130 1068 esse
154 1005 263 1069 statim
282 1026 393 1088 posses
411 1005 556 1087 nihilque
575 1004 760 1069 discendum
779 1004 912 1070 haberes
930 1009 1075 1089 tempore

18 1119 45 1158 m
59 1092 204 1157 docendi.
233 1091 420 1178 cognovisti
433 1115 491 1177 per
505 1094 663 1176 stipendia
678 1094 786 1158 decem
801 1116 905 1158 mores
920 1096 1074 1179 gentium,
1094 1110 1110 1157 3

58 1183 230 1266 regionum
263 1184 357 1266 situs,
387 1184 644 1266 opportunitates
675 1184 820 1247 locorum
854 1187 886 1247 et
916 1183 1074 1247 diversam

58 1291 217 1354 aquarum
245 1272 387 1354 caelique
414 1273 601 1355 temperiem
628 1275 665 1335 ut
692 1273 814 1355 patrios
840 1273 947 1336 fontes
977 1272 1075 1356 patri-

57 1381 180 1442 umque
203 1360 291 1424 sidus
313 1361 396 1424 ferre
416 1361 585 1424 consuesti.
622 1360 776 1436 Quotiens
798 1381 907 1445 equos,
926 1362 1074 1444 quotiens

58 1449 194 1512 emerita
207 1471 296 1513 arma
309 1451 454 1514 mutasti!
491 1448 608 1514 Veniet
627 1471 703 1535 ergo
718 1454 854 1534 tempus,
874 1472 938 1534 quo
952 1451 1074 1534 posteri
1092 1467 1110 1514 4

10 1564 42 1602 ⁴15
58 1538 164 1602 visere
195 1538 426 1621 visendumque
462 1539 586 1602 tradere
618 1539 796 1604 minoribus
828 1541 894 1604 suis
927 1540 1075 1625 gestient,

58 1627 133 1709 quis
163 1626 295 1691 sudores
327 1632 401 1691 tuos
432 1628 576 1691 hauserit
608 1647 749 1712 campus,
776 1651 859 1712 qnae
884 1630 1074 1693 refectiones

57 1721 132 1779 tuas
165 1716 302 1800 arbores,
335 1738 417 1800 quae
448 1738 597 1780 somnum
630 1739 706 1781 saxa
735 1719 960 1802 praeterierint,
987 1718 1074 1801 quod

57 1805 197 1888 denique
219 1809 341 1869 tectum
359 1827 495 1891 magnus
514 1806 631 1889 hospes
650 1807 842 1889 impleveris,
860 1810 897 1870 ut
915 1811 993 1871 tuno
1011 1807 1074 1889 ipsi

56 1893 121 1956 tibi
152 1894 332 1979 ingentium
366 1893 483 1958 ducum
516 1915 605 1958 saera
636 1896 773 1981 vestigia
800 1897 902 1959 isdem
930 1897 964 1960 in
993 1897 1073 1961 loeis

12 2008 42 2047 so
56 1984 329 2046 monstrabantur.
353 1982 474 2046 Verum
488 1983 567 2047 haec
581 1985 672 2067 oh'm3
691 1985 919 2067 inpraesentia
934 1985 1072 2067 quidem,
1092 2000 1108 2048 5

57 2072 207 2154 quisquis
230 2074 327 2155 paulo
346 2072 504 2137 vetustior
521 2073 623 2155 miles,
641 2073 695 2136 hic
713 2077 745 2136 te
764 2073 984 2137 commilitone
1003 2095 1073 2138 cen-

58 2165 157 2224 setur.
195 2160 319 2236 Quotus
343 2163 428 2224 enim
452 2162 596 2245 quisquo,
620 2163 711 2226 cuius
738 2164 775 2224 tu
797 2183 863 2225 non
891 2165 964 2225 ante
988 2183 1073 2226 oom-

57 2250 165 2313 milito
189 2272 286 2333 quam
310 2249 505 2334 imperator?
540 2248 619 2314 Inde
643 2255 701 2334 est,
729 2249 815 2333 quod
837 2272 938 2334 prope
962 2272 1073 2314 omnes

57 2339 191 2402 nomine
214 2340 366 2422 appellas,
387 2338 474 2421 quod
498 2340 699 2425 singulorum
716 2339 814 2403 fortia
831 2340 917 2403 facta
936 2361 1073 2404 comme·

11 2453 42 2492 ss
57 2449 179 2511 moras3
207 2448 266 2491 nec
293 2427 413 2492 habent
441 2427 677 2492 adnumeranda
705 2428 766 2492 tibi
795 2451 854 2511 pro
881 2451 916 2492 re
943 2429 1073 2512 publica

55 2519 200 2599 vulnera,
223 2516 339 2599 quibus
364 2517 474 2581 statim
498 2521 530 2581 et
552 2517 701 2582 laudator
728 2522 760 2581 et
782 2518 874 2581 testis
898 2518 1072 2602 contigisti.

125 2604 190 2669 Sed
211 2609 302 2670 tanto
326 2607 429 2691 magis
452 2606 664 2690 praedicanda
688 2607 864 2670 moderatio
888 2609 957 2691 tua,
986 2603 1124 2689 quodlli

54 2695 234 2758 innutritus
258 2694 382 2759 bellicis
404 2695 554 2759 laudibus
578 2717 690 2779 paoem
714 2717 801 2758 amas
826 2718 898 2778 nec,
922 2697 998 2779 quia
1020 2697 1072 2759 vel

54 2787 149 2866 pater
176 2783 238 2847 tibi
265 2785 470 2867 triumphalis
497 2786 550 2848 vel
576 2785 758 2868 adoptionis
786 2788 860 2848 tuae
889 2784 939 2848 die
967 2785 1072 2848 dicata

9 2898 41 2938 ao
55 2871 242 2955 Capitolino
256 2870 327 2936 Iovi
340 2874 458 2956 laurus,
473 2873 592 2937 idcirco
607 2896 646 2936 ex
661 2874 827 2937 occasione
842 2874 931 2937 omni
945 2873 1070 2957 quaeris

55 2960 249 3044 triumphos.
286 2961 362 3026 Non
389 2963 483 3026 times
512 2963 596 3026 bella
623 2983 682 3026 neo
709 2983 873 3045 provocas.
914 2961 1105 3048 Magnuma

54 3052 114 3132 est,
138 3051 314 3132 imperator
336 3049 493 3136 Auguste,
516 3073 670 3136 magnum
694 3055 742 3115 est
765 3054 849 3116 stare
871 3050 906 3114 in
928 3049 1070 3115 Danubii
1101 3090 1103 3093 -

53 3140 136 3222 ripa,
159 3138 187 3202 si
210 3143 362 3222 transeas,
381 3143 503 3204 certum
523 3140 680 3224 triumphi
698 3160 758 3203 nec
775 3139 935 3204 decertare
955 3161 1070 3223 cupere

53 3249 129 3291 eum
149 3229 386 3312 recusantibus3
406 3248 542 3312 quorum
562 3231 698 3294 alterum
716 3229 915 3312 fortitudine,
934 3230 1069 3293 alterum

126 3443 143 3490 8
162 3439 320 3493 transilisse
338 3441 470 3505 Aristaeo,
489 3439 576 3505 K.II,
595 3441 696 3493 Baebr.
717 3471 748 3478 -
773 3439 830 3492 dux
848 3455 908 3493 esse
927 3457 961 3494 eac
978 3456 1028 3494 sao
1042 3441 1069 3493 A

52 3512 92 3564 K.
99 3511 142 3576 II,
153 3511 306 3566 Baehreuai
319 3512 362 3578 W,
372 3527 432 3564 esse
443 3509 499 3563 dux
509 3511 569 3575 alit,
579 3511 648 3576 K.I,
658 3511 769 3577 Barba,
779 3526 839 3564 esse
850 3510 946 3565 statim
957 3511 1013 3564 dux
1021 3513 1068 3565 cll.
