2480 3942
371 153 629 208 EPISTULARUM
647 157 760 207 ιιι-ιι.
1008 153 1086 219 275:

58 322 92 380 te
116 257 315 381 considerem
338 317 377 380 de
399 338 451 400 eo,
481 317 566 400 quod
593 317 673 380 mihi
701 317 928 381 constitutione
950 321 1007 382 tua
1030 318 1075 383 di-

43 417 160 492 'gnum
182 407 357 471 videbatur.
394 405 452 490 Ea,
476 427 557 489 quac
580 410 655 470 sunt
678 407 839 489 utrimque
861 407 1001 490 recitata,
1023 407 1074 471 his
1136 447 1139 452 -

57 497 180 560 litteris·
200 496 327 560 subieci.

126 633 513 701 EP1ST1JLA'DOM1T1AN1
534 655 582 700 AD
607 654 813 701 TERENTIUM
836 653 1011 700 MAXIMUM.

28 771 41 810 ι
125 742 255 808 Flavius
278 741 462 827 Archippus
484 743 698 827 philosophus
717 744 900 826 impetravit
918 767 937 807 a
954 764 1014 826 ma,
1037 748 1074 822 ut
1092 759 1108 809 5

55 853 171 916 agrum
183 833 206 916 †
219 833 247 898 ei
264 833 410 896 adderem
428 833 511 897 circa
524 832 720 916 Prusiadam,
734 833 871 915 patriam
890 853 989 916 suam,
1006 835 1073 896 tam

55 921 200 1003 uberem,
222 922 311 986 cuius
333 921 439 985 reditu
464 942 539 986 suos
563 922 647 986 alere
670 924 789 1005 posset.
823 920 915 998 Quod
934 922 963 985 ei
984 943 1074 1005 prae·

55 1011 136 1073 stari
160 1011 243 1074 volo.
289 1007 453 1074 Summam
477 1031 649 1094 expensam
670 1010 856 1074 liberalitati
873 1032 963 1074 meae
980 1010 1073 1075 feres.

247 1169 402 1217 EIUSDEM
425 1170 473 1216 AD
498 1168 528 1215 L.
552 1169 684 1216 APPIUM
707 1168 882 1214 MAXIMUM.

13 1288 39 1327 ιο
124 1257 324 1342 Archippum
347 1259 590 1342 philosophum,
622 1259 743 1322 bonum
771 1259 875 1322 virum
898 1262 930 1322 et
952 1258 1107 1342 profes-6

54 1347 141 1412 aioni
165 1369 240 1412 suae
260 1348 356 1412 etiam
373 1349 517 1413 moribus
535 1348 789 1431 respondentem,
813 1347 1070 1412 commendatum

52 1437 177 1500 habeas
199 1437 305 1519 velim,
327 1437 373 1500 mi
395 1436 548 1521 Maxime,
579 1442 610 1501 et
632 1437 763 1520 plenam
787 1437 817 1500 ei
838 1437 1071 1501 humanitatem

52 1530 147 1589 tuam
166 1530 306 1608 praestes
324 1526 359 1589 in
377 1526 426 1609 iis,
450 1548 530 1609 quae
554 1525 730 1590 verecunde
749 1548 769 1589 a
786 1529 818 1589 te
838 1525 1070 1591 desiderarent.

349 1684 510 1732 EDICTUM
532 1685 608 1731 DIVI
631 1684 779 1732 NERVAE.

10 1803 35 1860 ιι
125 1772 286 1850 Quaedam
309 1775 377 1838 sine
401 1774 507 1857 dubio,
532 1773 680 1858 Quirites,
702 1776 774 1859 ipsa
795 1774 931 1839 felicitas
949 1779 1106 1858 tempo-a

50 1885 128 1928 rum
152 1863 255 1948 edicit,
277 1885 335 1948 nec
358 1863 572 1946 expectandus
595 1868 643 1928 est
666 1865 700 1927 in
722 1865 761 1927 iis
787 1885 890 1928 novus
913 1864 1071 1948 prInceps,

51 1953 174 2036 quibus
197 1951 289 2016 ιιιιιιιι
311 1952 455 2038 intellegi
484 1953 560 2016 satis
584 1957 646 2036 est,
673 1974 746 2017 curn
771 1954 833 2016 hoc
861 1953 923 2017 sibi
953 1953 1070 2017 civium
1162 2005 1167 2010 .

48 2063 199 2106 meorum
228 2041 383 2124 spondere
410 2042 514 2124 possit
541 2042 593 2105 vel
621 2061 687 2105 non
710 2042 873 2124 admonita
895 2043 1070 2125 persuasio,

48 2153 104 2195 me
130 2129 330 2194 securitatem
354 2131 498 2194 omnium
521 2131 621 2213 quieti
642 2151 731 2194 meae
753 2129 955 2212 praetulisse,
978 2133 1015 2194 ut
1038 2134 1086 2194 ιι

6 2249 33 2286 ιο
47 2241 138 2284 nova
158 2219 311 2283 beneficia
329 2219 505 2284 conferrem
525 2223 648 2284 etanta
667 2241 718 2282 me
733 2239 883 2282 concessa
902 2239 1069 2283 servarem.

48 2309 103 2373 Ne
119 2312 229 2372 tamen
242 2309 382 2391 aliquam
397 2308 522 2394 gaudiis
536 2309 674 2391 publicis
689 2307 811 2371 adferat
824 2307 962 2372 haesitat
914 2308 1069 2371 tationem
1087 2323 1104 2372 8

47 2399 104 2463 vel
128 2418 256 2499 eorum,
278 2398 334 2481 qui
356 2398 616 2480 impetravenmt,
593 2396 795 2461 tdiffident
771 2401 817 2461 tra
839 2398 892 2461 vel
915 2397 981 2460 eius
1004 2419 1069 2460 me-

47 2487 172 2570 moria,
203 2487 258 2569 qui
286 2508 433 2570 praesrr
380 2487 461 2569 ιιιιι,
492 2487 705 2551 necessarium
734 2487 855 2588 pariter
883 2486 1000 2549 credidi
1033 2507 1069 2549 ac

6 2578 175 2640 laetum
204 2575 331 2639 obviam
360 2575 451 2638 dubit
452 2575 581 2638 antibus
608 2575 840 2660 indulgentiam
869 2595 973 2639 meam
995 2573 1068 2637 mit-

6 2693 30 2732 ιι
44 2671 129 2730 tere.
162 2661 249 2728 Nolo
268 2664 335 2727 exis
336 2665 429 2728 timet
453 2665 632 2748 quisquam,
655 2664 741 2748 quod
764 2665 827 2728 alio
850 2663 993 2746 principe
1016 2664 1102 2728 vela

44 2752 205 2839 privatim
228 2754 280 2816 vel
302 2753 429 2836 publice
453 2757 600 2817 conseout
601 2774 639 2817 us
586 2754 716 2836 tart,
744 2753 815 2816 ideo
839 2753 951 2817 saltem
974 2773 993 2816 a
1015 2773 1067 2816 me

44 2842 258 2924 rescindat
221 2846 258 2905 ut
280 2843 389 2944 potius
408 2841 489 2906 mihi
508 2841 629 2944 debeat
654 2839 727 2906 Sint
712 2844 814 2905 ttraa
837 2846 869 2905 et
891 2845 985 2924 certa,
1007 2862 1066 2905 nec

44 2931 205 3035 gratulat
196 2951 227 2993 ιο
247 2931 367 2996 ullius'
358 2934 424 2994 inst
425 2934 515 2995 aurat
515 2953 543 3004 s
558 2934 631 3017 eget
648 2930 805 3014 precibus,
824 2951 919 3013 quem
936 2929 1067 2994 fortuna

43 3020 181 3104 imperii
202 3020 273 3083 vult
274 3042 296 3082 ιι
259 3019 448 3083 tmeliore
470 3021 619 3104 respexit.
651 3018 704 3084 Me
721 3019 814 3083 novis
833 3018 994 3083 beneficiis
1012 3041 1065 3082 va-

6 3139 28 3178 ro
44 3131 123 3175 care
147 3108 311 3191 patiantur
334 3112 366 3172 et
388 3131 426 3172 ea
448 3109 575 3172 demum
600 3108 701 3173 sciant
723 3107 865 3194 roganda
884 3128 961 3191 esse,
984 3125 1064 3190 quae

42 3221 118 3264 non
141 3197 270 3262 habent.
1067 3212 1071 3219 ·

85 3405 89 3412 ’
124 3395 140 3444 6
170 3389 197 3444 ai
215 3389 263 3444 Dc
282 3390 356 3444 circa
373 3409 401 3457 a,
419 3390 487 3444 KJ.
512 3421 544 3430 -
572 3387 737 3443 Prusiadam
755 3389 837 3459 culp,
855 3388 923 3442 ΚΙ.
948 3421 980 3428 -
1010 3387 1064 3442 emi

44 3464 180 3518 iuberem
199 3479 225 3528 a,
245 3462 314 3516 KI.
406 3467 438 3514 16
467 3459 669 3530 exspectandus
691 3459 782 3514 estin
804 3459 840 3513 iis
860 3477 947 3513 novus
967 3460 1063 3515 Mada.

43 3537 114 3594 adv.
125 3534 251 3600 111216,
266 3531 569 3603 spectandus-bonus
583 3532 654 3603 culp.
722 3534 756 3585 28
777 3533 859 3600 egeat
872 3532 1010 3598 Beroald,
1024 3531 1062 3585 K.

849 3619 900 3674 18*
