2480 3942
136 143 202 208 244
436 179 439 184 ,
572 141 600 196 c.
621 141 718 236 nanu

100 323 124 373 2-
135 312 245 372 tamen
263 306 387 370 diversa
406 305 531 370 dixisti!
546 304 689 370 Laudem
708 305 827 390 pariter
845 310 877 371 et
896 307 1014 392 gratias
1034 307 1160 392 agam?

135 395 294 460 Neutrum
319 397 395 459 satis
417 416 550 479 possum
573 398 620 479 et,
651 396 678 459 si
699 416 837 478 possem,
860 396 1016 480 timerem,
1039 418 1080 460 ne
1106 419 1161 460 ar-
1224 403 1225 482 1

135 506 253 571 rogans
276 488 359 548 esset
383 484 423 548 ob
448 506 485 548 ea
505 484 652 568 laudare,
684 485 725 548 ob
754 505 836 567 quae
864 485 982 570 gratias
1013 506 1158 570 agerem.

135 573 245 638 Unum
264 573 345 638 illud
363 573 486 656 addam,
506 573 613 636 omnia
632 573 712 637 mihi
731 575 821 636 tanto
840 573 1053 638 laudabiliora
1072 573 1158 657 visa,

137 667 256 747 quanto
279 661 476 744 iucundiora,
500 666 568 726 ott
569 662 869 745 antoiuoundiora,
893 667 1012 746 quanto
1042 662 1159 728 lauda-
1190 693 1202 732 a

136 751 252 816 biliora
275 755 373 816 erant.
351 712 509 815 tVale

584 915 704 974 XXXII.

395 1014 585 1063 (1111111111
610 1016 753 1064 murano
778 1015 844 1064 suo
869 1017 894 1064 s,

204 1105 288 1183 Quid
316 1105 406 1192 agis?
435 1105 512 1188 quid
540 1108 669 1170 acturus
702 1107 757 1170 es?
802 1103 875 1190 Ipse
907 1107 1008 1170 vitam
1040 1107 1158 1170 iucun-

87 1248 91 1253 .
137 1196 314 1278 dissimam,
351 1195 385 1259 id
422 1198 470 1259 est
507 1195 749 1278 otiosissimam,
781 1195 864 1259 vivo.
919 1193 989 1272 Quo
1026 1194 1078 1278 fit,
1116 1200 1158 1259 ut
1174 1226 1200 1264 1⁰

137 1285 274 1350 scribere
297 1284 459 1370 longiores
484 1284 637 1367 epistulas
662 1284 779 1368 nolim,
806 1284 903 1348 velim
926 1283 1046 1370 legere,
1069 1284 1158 1348 illud

136 1378 301 1458 tamquam
335 1373 499 1455 delicatus,
530 1372 592 1436 hoc
621 1376 786 1455 tamquam
815 1374 946 1437 otiosus.
981 1371 1075 1437 Nihil
1103 1379 1159 1437 est
1224 1377 1225 1380 ’

138 1465 223 1527 enim
247 1466 303 1526 aut
325 1463 449 1548 pigrius
474 1461 617 1526 delicatis
641 1465 698 1774 ΞΞ
722 1463 878 1526 curiosius
902 1463 1023 1526 otiosis.
1059 1460 1157 1526 Vale.

395 1725 423 1774 ο.
447 1727 492 1773 Pu
681 1727 755 1775 nuo
780 1727 845 1775 suo
870 1727 896 1776 s.
1175 1741 1199 1780 15

106 1834 119 1881 1
207 1813 311 1880 Incidi
338 1815 373 1880 in
399 1817 566 1880 materiam
594 1838 715 1899 veram,
744 1818 800 1882 sed
828 1818 1025 1882 simillimam
1056 1816 1159 1882 fictae

139 1905 332 1990 dignamque
355 1906 419 1970 isto
441 1905 632 1988 laetissime,
660 1907 817 1970 altissimo
841 1908 1000 1990 planeque
1023 1906 1157 1990 po'e'tico

138 1995 277 2080 ingenie,
295 1994 393 2058 incidi
414 1998 530 2078 autem,
550 1994 625 2058 dum
645 2017 741 2079 super
762 2017 872 2060 cenam
890 1996 979 2060 varia
997 1995 1158 2059 miracula

138 2082 314 2147 hincinde
343 2084 532 2148 referuntur.
578 2083 697 2169 Magna
725 2085 848 2148 auctori
876 2084 962 2149 fides.
1009 2083 1158 2148 Tametsi

139 2173 216 2256 quid
240 2176 353 2256 potitae
378 2194 450 2236 cum
473 2171 557 2236 fide?
593 2170 624 2236 Is
648 2177 756 2237 tamen
779 2178 900 2257 auctor,
924 2173 976 2237 cui
1000 2175 1080 2238 bene
1100 2176 1157 2238 vel
1173 2203 1200 2246 so

104 2278 119 2325 2
138 2261 204 2325 his
206 2262 306 2325 oriam
331 2261 506 2344 scripturus
527 2259 720 2325 credidisses.
757 2260 819 2326 Est
840 2263 874 2326 in
897 2261 1007 2327 Africa
1026 2261 1155 2346 Hippo-

139 2351 245 2415 nensis
270 2350 395 2414 colonia
418 2351 499 2414 mari
526 2350 680 2433 proxima.
717 2349 853 2415 Adiacet
839 2350 1061 2437 tnavigabile
1091 2355 1157 2416 sta-
1224 2397 1225 2430 3

139 2461 247 2528 gnum
279 2438 330 2502 Ex
349 2438 438 2503 hoc
429 2461 463 2502 m
482 2440 613 2503 modum
632 2439 774 2504 fluminis
794 2440 1077 2504 aestuariumeme
1095 2440 1158 2525 git,
1224 2495 1225 2504 ,

140 2528 226 2612 quod
252 2529 321 2592 vice
349 2529 484 2611 alterna,
510 2532 607 2628 prout
632 2533 699 2592 aest
700 2551 737 2592 us
762 2533 818 2593 aut
842 2530 993 2613 repressit
1015 2463 1225 2597 fflmji

105 2618 232 2701 cpulit,
249 2639 335 2681 nunc
353 2579 489 2681 intertui
507 2618 597 2700 mari,
615 2639 701 2682 nunc
718 2618 911 2682 redditurst
881 2622 1003 2704 stagno
1067 2619 1156 2682 mnis
1172 2645 1197 2686 11

138 2706 193 2770 hic
211 2710 297 2770 aetas
315 2706 469 2790 piscandi,
482 2706 654 2791 navigandi
674 2710 769 2788 atque
787 2706 884 2771 etiam
897 2711 996 2771 natan
1044 2707 1156 2771 studio

140 2798 275 2877 tenetur,
298 2796 437 2859 maxime
459 2795 561 2878 pueri,
582 2816 662 2877 quos
687 2796 789 2859 otium
811 2797 978 2882 lususque
978 2796 1155 2861 sollicitat.

140 2883 200 2948 His
235 2883 337 2969 gloria
372 2888 403 2947 et
437 2885 539 2948 virtus
569 2885 723 2948 altissime
756 2884 897 2968 provehi.
943 2868 1019 2949 Vict
1005 2888 1057 2949 tor
1089 2885 1157 2968 ille,
1224 2935 1225 2970 ,

142 2974 197 3056 qui
228 2972 416 3058 longissime
447 2976 485 3035 ut
471 2973 654 3036 tlitust
627 2976 673 3036 111
706 2973 802 3037 simul
833 2977 979 3040 natantes
1011 2973 1155 3058 reliquit.
1224 2981 1225 3032 1

105 3061 213 3126 4Hoc
236 3063 408 3130 certamine
431 3084 510 3146 puer
533 3061 662 3144 quidam
687 3062 854 3126 audentior
877 3063 1023 3126 1111111Ι
1015 3084 1050 3126 111
1072 3064 1156 3126 ulte
1170 3089 1194 3130 a

140 3151 261 3214 riorat
247 3150 406 3214 ttendeba
384 3150 623 3234 tDelphinus
645 3152 823 3215 occurrite
807 3151 947 3219 ctntmc
964 3151 1156 3235 praeoedere

140 3259 285 3320 puerum,
307 3261 393 3303 nunc
416 3239 515 3323 sequi,
537 3261 623 3303 nunc
647 3241 822 3324 circumire,
845 3242 1011 3330 postremo
1036 3241 1157 3324 subire,

143 3324 347 3408 deponere,
339 3330 455 3391 lterum
482 3328 588 3392 subire
620 3328 895 3426 trepidantemque
923 3329 1062 3413 perferre
1090 3331 1156 3414 pri·

214 3519 247 3565 22
267 3514 337 3568 adic.
357 3516 384 3570 ei
402 3536 428 3572 α.
