2458 3940
364 120 619 175 PANEGYRIGUS
638 128 680 175 41.
691 128 800 176 1-14,
811 138 831 177 s.
1041 123 1107 188 335

92 283 231 349 venisse!
255 282 375 362 Vixisti
393 284 570 368 nobiscum,
588 285 787 368 periclitatus
807 309 850 368 es,
864 286 1010 370 timuisti,
1025 298 1106 370 quae

85 376 172 452 ,turre
187 375 255 452 erat
268 373 488 440 innocentium
504 374 578 437 vita.
617 371 685 440 Scis
704 378 736 440 et
755 379 905 458 expertus
924 397 966 458 es,
986 379 1105 459 quanto

92 483 189 544 opere
213 462 410 528 detestentur
430 464 532 527 malos
556 463 726 546 principes,
750 464 851 528 etiam
866 465 921 547 qui
940 465 1106 529 11111111-

93 551 191 614 ciunt.
223 550 409 634 Meministi,
427 574 508 634 quae
528 555 639 634 optare
657 552 835 636 nobiscnm,
852 575 933 636 quae
953 554 995 618 sis
1015 555 1105 636 queri

63 664 76 704 5
93 639 218 707 solitus.
255 637 323 703 Iam
346 641 474 723 privato
492 641 611 706 iudicio
630 641 808 724 principem
828 643 921 728 geris,
939 642 1104 712 meliorem
1124 659 1140 705 2

92 728 194 792 immo
217 732 250 792 te
273 732 425 812 praestas,
449 751 544 812 quam
568 728 628 810 tibi
651 731 751 794 alium
774 731 954 814 precabare.
990 729 1103 814 Itaque

91 817 139 882 sic
162 818 279 892 imbuti
302 839 421 901 sumus,
438 823 484 901 ut,
503 819 620 900 quibus
644 823 713 882 erat
732 841 856 884 summa
874 824 1023 886 votorum
1042 843 1105 884 me-

90 905 156 970 lior
177 907 317 989 pessimo
336 908 495 992 princeps,
514 909 577 971 iam
598 929 664 971 non
682 909 844 992 possimus
862 910 926 973 nisi
945 911 1104 993 optimum

88 995 183 1058 ferre.
223 994 329 1059 Nemo
357 999 405 1068 est
433 1018 509 1081 ergo
536 1000 603 1076 tam
636 998 694 1080 tui,
720 1001 787 1063 tam
817 997 948 1083 ignarus
979 999 1037 1080 sui,
1068 1001 1139 1061 ute

44 1085 199 1148 1clocum
223 1085 320 1150 istum
343 1090 418 1168 post
440 1089 472 1148 te
491 1087 704 1168 concupiscat.
741 1085 881 1162 Facilius
902 1091 959 1170 est,
979 1090 1017 1151 ut
1036 1109 1104 1153 esse

89 1173 208 1255 aliquis
228 1193 391 1238 successor
409 1178 484 1238 tuus
502 1176 613 1258 possit,
633 1197 729 1258 quam
748 1178 787 1238 11·
802 1176 889 1240 velit.
922 1174 999 1251 Quis
1018 1177 1103 1244 enim
1122 1191 1139 1237 4

90 1283 186 1330 curae
209 1265 283 1326 tuae
306 1264 424 1328 molem
449 1267 563 1347 sponte
587 1263 720 1338 subeat?
745 1265 816 1347 quis
840 1265 1018 1347 comparari
1036 1265 1104 1328 tibi

89 1371 158 1414 non
176 1351 387 1425 reformidet?
422 1351 583 1436 Expertus
597 1357 639 1424 et
657 1354 725 1436 ipse
750 1375 791 1435 es,
810 1375 907 1436 quam
927 1354 973 1426 ,sit
993 1374 1103 1417 onero·
1181 1368 1184 1377 ¹

89 1462 163 1504 sum
182 1440 351 1506 succedere
368 1440 454 1507 bono
473 1442 620 1525 principi,
639 1447 671 1506 et
689 1442 846 1521 adferebas
866 1443 1103 1509 excusationem

44 1554 72 1593 15
90 1529 245 1611 adoptati.
291 1527 344 1594 An
376 1552 474 1613 parra
506 1552 671 1614 pronaque
699 1534 775 1596 sunt
801 1531 841 1594 ad
869 1531 1137 1614 aemulandum,5

90 1617 179 1700 quod
201 1639 295 1682 nemo
315 1620 567 1682 incolumitatem
587 1620 786 1702 turpitudine
804 1620 971 1706 rependit?
1009 1619 1103 1684 Salva

91 1710 143 1772 est
158 1707 307 1772 omnibus
321 1709 387 1772 uita
407 1711 439 1772 et
453 1709 593 1794 dignitas
612 1709 706 1792 vitae,
724 1729 783 1782 nec
802 1711 866 1782 iam
886 1709 1102 1774 consideratus

89 1817 128 1859 11
143 1797 278 1879 sapiens,
293 1797 349 1878 qui
362 1800 499 1860 aetatem
518 1798 552 1861 in
570 1796 710 1863 tenebris
730 1799 805 1883 agit.
842 1797 962 1864 Eadem
984 1800 1103 1882 quippe
1122 1813 1137 1861 6

90 1885 152 1948 sub
175 1885 319 1968 principe
341 1887 515 1950 virtutibus
538 1887 681 1969 praemia
704 1909 785 1970 quae
808 1888 842 1950 in
864 1887 1021 1973 libertate,
1044 1909 1103 1952 nec

44 1999 73 2037 1ο
89 1975 172 2038 bene
194 1973 287 2037 factis
310 1978 436 2040 tantum
461 1996 499 2038 ex
523 1977 717 2040 conscientia
740 1997 870 2040 merces.
906 1976 1005 2040 Amas
1029 1997 1102 2040 con-

89 2063 243 2126 stantiam
267 2063 384 2126 civium
407 2067 576 2146 ¹rectosque
604 2085 641 2132 ac
668 2065 792 2142 vividos
819 2065 944 2128 animos
971 2087 1037 2128 nen
1066 2069 1103 2128 11

88 2152 147 2214 alii
170 2152 339 2215 contundis
363 2173 401 2216 ac
419 2153 580 2236 deprimis,
603 2154 658 2216 sed
676 2154 765 2217 foves
785 2157 817 2216 ct
836 2154 966 2217 attollis.
1004 2151 1101 2217 Prod-
1122 2169 1136 2216 1

89 2244 139 2305 111
163 2240 265 2304 bonos
289 2263 366 2322 esse,
390 2263 463 2306 cum
487 2241 529 2306 sit
553 2243 630 2306 satis
649 2241 845 2324 abundeque,
865 2242 892 2304 si
910 2262 977 2305 non
993 2245 1101 2324 nocet3

88 2329 141 2393 his
172 2330 319 2412 honores,
347 2329 398 2393 his
430 2330 615 2414 sacerdotia,
644 2329 695 2395 his
724 2331 906 2414 provincias
937 2330 1040 2415 offers,
1067 2331 1102 2394 hi

44 2443 73 2482 25
89 2419 232 2483 amicitia
255 2422 320 2501 tua,
342 2418 379 2482 hi
401 2419 520 2487 iudicio
540 2419 664 2484 florent.
701 2420 872 2484 Acuuntur
889 2420 952 2483 isto
972 2419 1102 2504 integri-

88 2509 166 2571 tatis
191 2511 222 2571 et
240 2507 416 2572 industriae
434 2509 539 2592 pretio
559 2509 688 2594 similes,
708 2509 878 2574 dissimiles
904 2508 1101 2594 alliciuntur3

87 2619 164 2660 nam
192 2597 335 2679 praemia
362 2597 521 2661 bonorum
548 2599 771 2682 malorumque
801 2598 903 2676 bonos
934 2619 970 2660 11
999 2598 1101 2662 malos

87 2686 220 2751 faciunt.
258 2683 357 2750 Pauci
380 2686 459 2750 adeo
484 2687 613 2771 ingenio
637 2687 753 2771 valent,
776 2692 813 2750 ut
837 2709 904 2751 non
927 2691 1020 2771 turpe
1045 2687 1136 2751 111-8

87 2779 291 2857 mestumque,
314 2779 412 2858 prout
434 2776 515 2843 bene
540 2780 595 2840 111
617 2797 708 2842 11111
728 2777 831 2858 cessit,
851 2779 1002 2859 expetant
1019 2777 1102 2862 fugi-

43 2887 73 2927 11
88 2867 198 2945 autre,
227 2863 334 2946 ceteri,
363 2864 420 2927 nbi
447 2865 566 2928 laboris
594 2866 736 2947 inertiae,
764 2865 949 2950 vigilantiae
979 2886 1101 2947 somno,

86 2949 284 3036 frugalitatis
307 2952 453 3017 luxuriae
476 2974 597 3018 merces
621 2955 723 3037 datur,
749 2953 858 3017 eadem
886 2955 957 3036 ista,
975 2955 1100 3037 ¹quibus

88 3042 170 3106 alios
193 3042 317 3106 artibus
340 3045 503 3106 assecutos
526 3042 645 3125 vident,
672 3045 904 3125 consectantur,
928 3042 1100 3126 qualesque

88 3133 165 3195 sunt
179 3130 235 3214 illi,
251 3132 331 3194 tales
346 3153 414 3195 esse
429 3135 460 3194 et
474 3130 576 3194 videri
589 3132 703 3196 volunt
723 3136 762 3214 et,
782 3131 858 3194 dum
872 3133 994 3215 volunt,
1009 3132 1099 3195 fiunt.

160 3293 176 3340 5
196 3287 255 3342 Iam
275 3289 372 3342 Madv.
392 3289 589 3355 1111111220,
607 3306 682 3344 1111
697 3290 801 3355 Liuia,
819 3304 885 3342 nam
899 3290 971 3360 1119.
990 3321 1024 3328 -
1043 3288 1100 3358 pri-

86 3359 147 3414 vati
162 3361 250 3428 Lipa,
265 3361 366 3414 Baetr.
442 3365 474 3413 16
493 3360 631 3428 rependit,
646 3360 847 3429 salva—agit?
862 3359 948 3414 ΚΠ.
1022 3365 1055 3414 18
1072 3361 1101 3414 11

87 3447 147 3501 sap.
168 3433 204 3485 A.
278 3437 309 3483 21
331 3433 359 3484 et
377 3433 467 3484 rectos
487 3432 587 3514 Baehr.
598 3449 628 3501 p.
640 3432 760 3498 XXIH,
779 3447 832 3499 que
851 3448 902 3512 orn.
917 3431 993 3500 ΑΨ.
1066 3437 1099 3483 27

87 3501 306 3574 [malorumque]
324 3501 412 3568 bonos
431 3502 563 3558 ecmelis
582 3503 683 3558 Baete.
757 3508 790 3556 30
810 3519 899 3556 somni
918 3503 1018 3560 Baetr.
