2468 3938
565 168 592 224 Ο.
612 169 710 224 PLINI

615 339 654 398 II.
892 271 947 345 α

330 437 357 485 Ο.
381 438 520 485 PLINIUS
544 439 640 487 VlBIO
664 439 803 488 MAXIMO
825 438 894 515 ,SUO
919 439 945 488 S.

94 544 109 591 1
196 526 289 604 Quod
316 528 384 611 ipse
412 530 522 593 amicis
550 530 614 592 tuis
643 530 845 613 obtulissem,
874 531 901 594 si
929 529 1009 594 mihi
1033 530 1145 594 eadem

128 618 262 682 materia
285 620 480 701 suppeteret,
503 617 537 681 id
558 638 644 682 nuno
666 619 734 682 iure
757 618 869 682 videor
891 641 910 682 a
932 622 965 683 te
988 619 1068 682 meis
1090 641 1146 702 pe-

93 721 108 768 2
128 707 254 771 titurus.
277 703 432 770 Arrianm
446 706 592 771 Maturus
605 705 800 772 Altinatium
819 711 868 772 est
880 708 1037 792 princeps.
1063 706 1145 772 Cum
1176 735 1188 774 s

129 795 199 860 dico
227 796 388 878 princeps,
420 817 486 859 non
513 795 552 860 de
581 796 789 870 facultatibus
819 798 948 879 loquor,
981 818 1063 878 quae
1095 797 1146 861 illi

131 884 219 970 large
248 887 433 967 supersunt,
466 884 521 948 sed
549 884 587 949 de
616 886 776 968 castitate,
807 885 944 968 iustitia,
977 887 1144 972 gravitate,

14 983 16 996 '
93 971 463 1127 Ἤέιῗῗῗιοέῗέἑ
480 974 761 1127 sinist
788 974 1147 1128 flectuntur

92 1143 303 1235 splurimum
326 1085 546 1238 idtellegenbia
568 1155 718 1236 praestat.
761 1085 945 1235 hrhat'me,
968 1151 1051 1216 nihil
1072 1115 1146 1236 poss
1162 1179 1187 1218 ro

128 1262 200 1304 sum
222 1240 385 1305 ardentius
408 1241 521 1326 dicere,
544 1246 581 1305 ut
603 1246 648 1305 tu.
688 1238 783 1305 Caret
801 1241 939 1326 ambitu,
961 1240 1033 1305 ideo
1058 1243 1147 1306 sein

21 1355 23 1359 ·
55 1331 60 1343 '
128 1331 268 1412 equestri
292 1329 392 1416 gradu
414 1331 528 1413 tenuit,
552 1351 625 1395 oum
647 1330 742 1394 facile
769 1334 878 1414 posset
909 1330 1078 1395 ascendere
1102 1332 1147 1395 al·

128 1419 298 1483 tissimum.
343 1417 426 1481 Mihi
457 1423 566 1483 tamen
599 1419 759 1484 ornandus
796 1418 1053 1502 excolendusque
1086 1424 1146 1485 est.

93 1505 241 1589 altaque
266 1507 376 1592 magni
403 1507 537 1571 aestimo
565 1507 716 1594 dignitati
742 1507 810 1572 eius
835 1507 958 1591 aliquid
980 1507 1146 1574 adstruere

128 1595 339 1678 inopinantis,
366 1596 551 1679 nescientis,
578 1597 679 1661 immo
707 1597 804 1661 etiam
832 1595 968 1660 fortasse
995 1597 1147 1680 nolentis,
1162 1625 1187 1663 ιι

128 1683 291 1748 adstruere
314 1688 435 1768 autem,
466 1685 552 1767 quod
580 1687 622 1750 sit
650 1685 852 1770 splendidum
880 1707 939 1750 nec
961 1687 1146 1751 molestum.

94 1789 110 1836 6
130 1770 228 1836 Cuius
248 1773 381 1859 generis,
400 1795 481 1858 quae
500 1775 604 1858 prima
622 1776 748 1840 occasio
767 1775 837 1857 tibi,
857 1774 1001 1839 conferas
1020 1775 1056 1838 in
1070 1797 1147 1839 eum

128 1882 222 1947 rog03
251 1861 385 1926 habebis
408 1884 469 1946 me,
491 1863 625 1929 habebis
648 1864 755 1947 ipsum
779 1864 997 1949 gratissimum
1021 1863 1147 1928 debito-

129 1973 205 2014 rem.
236 1949 388 2026 Quamvis
407 1952 492 2016 onim
511 1953 573 2017 ista
591 1974 657 2016 non
680 1952 818 2036 adpetat,
841 1956 908 2016 tam
928 1956 1017 2038 grate
1036 1957 1147 2017 tamen

129 2041 257 2124 excipit,
280 2062 376 2124 quam
400 2041 427 2104 si
451 2042 665 2125 concupiscat.
710 2039 800 2106 Vale.

609 2206 657 2265 HI
968 2139 1013 2212 V.
1222 2181 1223 2215 ι

241 2303 268 2351 c.
293 2305 432 2354 Pnnsius
457 2307 653 2356 cousnnmn
677 2306 876 2354 Hisrunnnls
900 2306 989 2355 suns
1014 2305 1040 2354 s.

95 2410 108 2457 1
196 2392 290 2477 Cum,
317 2399 441 2479 patrem
463 2400 571 2480 tuum,
602 2397 827 2483 gravissimum
850 2400 882 2461 et
905 2397 1145 2462 sanctissimum

128 2483 243 2566 virum,
267 2485 462 2567 suspexerim
486 2486 589 2571 magis
612 2508 654 2549 an
676 2486 859 2568 amaverim,
882 2485 1025 2550 dubitem
1049 2490 1147 2569 teque

130 2573 219 2638 etin
241 2573 429 2637 memoriam
452 2575 520 2638 eius
544 2579 576 2639 et
598 2575 633 2638 in
655 2574 810 2638 honorem
838 2579 931 2639 tuum
958 2575 1051 2638 unice
1075 2574 1147 2638 dili·
1160 2601 1184 2640 ss

130 2683 213 2748 gam,
237 2662 364 2746 cupiam
386 2684 515 2728 necesso
539 2667 587 2728 est
610 2667 706 2747 atque
729 2664 836 2746 etiam,
860 2667 1016 2746 quantum
1039 2663 1074 2727 in
1093 2685 1146 2728 me

128 2751 235 2834 fuerit,
253 2751 364 2833 enitar,
383 2756 419 2815 ut
437 2752 523 2816 fflius
542 2757 617 2816 tuus
635 2773 695 2816 avo
715 2752 829 2816 similis
849 2752 973 2834 existat,
997 2753 1146 2836 equidem

129 2840 215 2902 malo
242 2844 400 2924 materno,
433 2862 628 2924 quamquam
657 2842 707 2904 illi
733 2845 885 2925 paternus
913 2841 1010 2905 etiam
1041 2842 1146 2906 clarus

130 2931 354 3011 spectatusque
383 2930 568 3015 contigerit,
599 2934 691 3014 pater
718 2951 846 3013 quoque
879 2934 911 2994 et
937 2934 1071 3013 patruus
1099 2931 1146 2993 in-
1219 2967 1220 3001 3

94 3015 222 3079 alustri
254 3015 347 3081 laude
380 3019 552 3102 conspicui.
599 3017 722 3095 Quibus
755 3019 904 3083 omnibus
936 3019 982 3082 ita
1015 3019 1145 3082 demum
1159 3043 1183 3083 a

130 3105 244 3168 similis
276 3105 449 3189 adolescet,
481 3109 509 3172 si
536 3108 679 3173 imbutus
710 3109 854 3172 honestis
884 3106 1007 3171 artibus
1038 3107 1146 3190 fuerit

95 3210 110 3257 3
131 3214 209 3276 quas
232 3193 408 3277 plurimum
431 3196 528 3262 refert
551 3218 652 3281 aquo
675 3197 880 3281 potissimum
903 3197 1048 3279 accipiat.
1082 3195 1146 3260 Ad·
1218 3229 1219 3263 ι

130 3281 194 3346 huc
225 3282 317 3345 illum
349 3285 505 3365 pueritiae
536 3286 618 3349 ratio
648 3286 733 3349 intra
770 3284 1015 3349 contubernium
1052 3289 1145 3350 tuum

131 3371 248 3452 tenuit,
279 3377 500 3456 praeceptores
533 3373 620 3438 domi
652 3373 782 3454 habuit,
813 3374 870 3437 ubi
903 3378 952 3438 est
984 3375 1145 3439 erroribus

203 3550 218 3597 2
238 3543 336 3598 VIBIO
356 3544 421 3598 add.
440 3561 473 3600 ex
491 3547 567 3602 Rieu.
587 3548 679 3602 Haoet
692 3563 722 3614 p.
737 3550 800 3601 254.
