2458 3940
340 108 596 166 PANEGYRIGUS
616 114 658 164 tt.
668 125 725 164 e—
735 116 777 163 57.
787 125 808 164 4.
1017 66 1082 174 347

68 281 146 338 num
169 273 335 338 consulem
358 294 477 357 posses
513 271 668 358 Magnum
696 277 746 338 est
768 261 894 340 differre
917 273 1119 358 honorem,4

69 361 205 448 gloriam
228 357 340 428 maius.
378 360 512 426 Gustum
539 361 741 427 consulatum
764 364 862 428 mirer
882 385 926 428 an
947 381 1013 428 nou
1035 375 1082 428 re-

69 473 127 536 cep
127 451 220 518 tum?
243 455 370 537 gestum
392 472 459 514 non
481 451 516 515 in
538 452 600 516 hoe
620 451 711 516 'urbis
735 452 802 516 otio
826 456 858 518 et
876 453 991 516 intimo
1010 453 1083 517 ιιιιιι

68 542 165 625 pacis,
184 541 240 606 sed
254 543 354 607 iuxta
361 537 512 604 barbaras
531 543 609 626 gent
610 561 652 624 es,
670 544 707 605 ut
724 541 774 606 illi
793 541 947 624 solebant,
966 541 1083 624 quibus

41 634 139 696 serat
161 631 260 694 moris
283 629 511 712 paludamento
530 633 656 694 mutare
674 633 873 713 praetextam
891 632 1084 715 ignotasque

67 724 169 786 terras
183 719 318 784 victoria
336 719 436 801 sequi.
459 716 634 784 Pulchrum
652 717 798 803 imperio,
817 721 995 805 gloriosum
1013 719 1084 801 tibi,
1103 736 1118 784 ι

68 831 143 874 oum
161 812 193 872 te
213 808 292 872 socii
311 810 406 889 atque
426 808 521 872 amici
544 827 602 871 sua
624 808 660 872 iu
682 809 795 891 patria,
813 810 879 873 suis
903 809 937 872 in
955 807 1083 874 sedibus

67 897 224 962 adierunt.
247 895 372 962 Decora
388 896 497 979 facies,
515 897 657 962 consulis
675 899 778 962 multa
791 901 866 981 post
885 899 1011 964 saecula
1028 899 1084 962 tri·
1103 915 1120 962 ι

67 987 169 1052 bunal
186 986 282 1052 viridi
300 985 439 1068 caespite
454 989 635 1052 extructum
649 1007 709 1052 nee
726 986 862 1052 fascium
878 990 1014 1070 tantum,
1028 987 1084 1052 sed

29 1102 54 1142 ιι
67 1077 210 1160 pilorum
233 1076 463 1162 signorumque
486 1074 609 1138 honore
633 1075 874 1140 circumdatum.
910 1074 1085 1162 Augebant

68 1165 271 1230 maiestatem
289 1164 500 1248 praesidentis
519 1164 636 1234 diversi
653 1165 889 1247 postulantium
903 1163 1033 1230 habitus
1047 1187 1085 1230 ac
1191 1157 1193 1171 '

67 1254 217 1320 dissonae
239 1275 334 1318 voces
357 1275 492 1336 raraque
515 1253 584 1318 siue
610 1253 785 1336 interprete
813 1255 924 1318 oratio.
961 1252 1086 1339 Magni·
1105 1272 1119 1320 7

65 1344 167 1408 ficum
182 1346 230 1407 est
244 1343 368 1408 civibus
381 1343 461 1426 iura,
475 1343 553 1424 quid
567 1342 715 1408 hostibus
729 1342 880 1408 reddere?
904 1343 1084 1426 speciosum

67 1436 190 1498 certam
212 1431 277 1496 fori
299 1453 420 1515 pacem,
445 1431 522 1514 quid
544 1433 701 1496 immanes
725 1453 855 1516 campos
880 1433 959 1496 sella
982 1431 1086 1497 emuli

28 1548 53 1588 ιι
67 1521 265 1603 victorisque
287 1520 424 1606 vestigio
448 1542 601 1604 premere,
619 1521 787 1586 imminere
807 1522 987 1586 minacibus
1006 1521 1085 1604 ripis

66 1614 177 1676 tutum
192 1610 411 1693 quietumque,
424 1631 573 1693 spernere
593 1609 746 1675 barbaros
759 1610 907 1675 fremitus
920 1611 1085 1676 hostilem-

67 1721 134 1783 que
147 1702 301 1764 terrorem
317 1719 386 1764 non
404 1721 567 1764 armorum
585 1700 690 1785 magis
704 1721 801 1782 quam
815 1703 966 1785 togarum
980 1703 1086 1764 osten-

65 1789 192 1854 tatione
216 1787 438 1872 compescere?
465 1785 579 1870 Itaque
602 1810 669 1852 non
691 1792 723 1853 te
742 1789 828 1872 apud
845 1790 1012 1874 imagines,
1030 1788 1121 1853 seda

66 1879 177 1962 ipsum
203 1881 404 1960 praesentem
433 1876 681 1961 audientemque
711 1879 958 1944 consalutabaut
986 1879 1087 1961 impe

26 1971 223 2050 curatorem,
255 1987 449 2049 nomenque,
481 1967 569 2048 quod
605 1967 661 2032 alii
697 1966 828 2032 domitis
856 1966 1019 2050 hostibus,
1050 1971 1086 2031 tu

66 2055 264 2138 contemptis
287 2055 459 2120 merebere.

138 2141 226 2208 Haec
247 2145 318 2209 laus
341 2144 405 2210 aeti
433 2145 628 2227 consulatus,
655 2143 712 2208 illa
738 2143 838 2226 dilati,
867 2144 953 2226 quod
980 2142 1137 2208 achaeos

66 2233 166 2300 initio
192 2233 392 2316 principatus
419 2237 456 2298 ut
478 2233 544 2296 iam
572 2233 746 2298 exsatiatus
773 2232 950 2297 honoribus
978 2237 1012 2296 ιι
1034 2255 1087 2296 ιιι-

66 2325 178 2408 pletus
194 2323 341 2386 consulat
327 2326 396 2386 tum
415 2322 578 2404 recusasti,
598 2344 693 2405 quem
712 2323 789 2386 novi
807 2322 1016 2405 imperatores
1035 2322 1087 2386 de-

26 2439 52 2480 ιι
68 2413 227 2478 ιιιιιιιιιιιι
250 2411 379 2476 aliisin
402 2432 436 2476 se
458 2411 702 2477 transferebant
738 2409 875 2476 Fuitet
843 2411 949 2493 etiam,
974 2411 1030 2494 qui
1052 2413 1121 2476 tua

67 2500 270 2586 principatus
303 2500 353 2564 sui
384 2499 449 2564 fine
479 2501 690 2582 consulatum,
720 2521 815 2583 quern
848 2501 1018 2564 dederat
1009 2521 1087 2585 ipse,

67 2611 189 2676 magna
208 2611 248 2654 ιιι
265 2589 379 2673 parte
370 2611 435 2652 ιιιιι
450 2593 576 2674 gestum
592 2592 843 2690 extorqueretet
855 2594 981 2673 raperet
983 2640 990 2652 .
967 2587 1088 2654 tHoo

68 2701 149 2765 ergo
163 2678 295 2763 honore,
308 2699 411 2830 ,quem
428 2681 460 2742 et
478 2679 668 2760 incipientes
686 2679 894 2762 principeset
880 2679 1087 2743 tdesinentes

68 2769 151 2833 adeo
180 2768 474 2852 concupiscuntu
452 2765 717 2849 ιιιι,ιιιιιιιιιι
718 2768 872 2832 uotioso
895 2789 933 2832 ac
956 2771 1088 2832 vacante

25 2887 54 2926 ιι
67 2858 206 2943 privatis
228 2857 359 2922 cessisti.
396 2771 619 2922 [tridiosusne
637 2817 706 2920 or'at
718 2790 784 2920 uaut
801 2856 863 2920 tibi
881 2857 995 2922 tertius
1014 2879 1088 2922 con·
1107 2873 1123 2920 3

70 2948 196 3013 sulatus
214 2950 269 3010 aut
282 2947 420 3029 principi
413 2946 583 3028 primus?
615 2943 700 3010 Nam
720 2945 894 3010 seeundum
913 2947 1089 3028 imperator

70 3036 213 3120 quidem,
236 3036 295 3100 sub
315 3037 509 3118 imperatore
528 3037 637 3100 tamen
655 3035 753 3117 inisti,
771 3035 917 3117 nihilque
935 3035 1088 3118 imputari

69 3127 108 3190 in
137 3146 175 3189 eo
199 3126 251 3189 vel
276 3123 393 3188 honori
419 3127 527 3207 potest
549 3124 601 3188 vel
629 3124 775 3206 exemplo
800 3124 862 3187 nisi
888 3124 1088 3206 obsequium.

70 3214 123 3278 lta
151 3235 237 3297 vero,
266 3235 347 3296 quae
380 3213 492 3278 civitas
523 3213 693 3314 quinquies
725 3215 823 3295 atque
855 3213 953 3276 etiam
985 3213 1124 3277 ιιιιιιι

28 3331 55 3371 ιι
71 3303 221 3368 consules
250 3303 341 3386 vidit,
368 3324 434 3366 non
461 3301 544 3384 illos,
572 3301 628 3384 qui
656 3302 857 3385 expirante
848 3323 913 3366 ram
940 3301 1089 3368 libertate

147 3448 256 3512 acesp
277 3443 315 3496 K.
388 3447 422 3494 23
442 3441 597 3496 exsatiatus
611 3441 647 3507 A,
667 3442 790 3510 Caspia,
810 3442 911 3496 Baebr
927 3457 957 3510 p
974 3441 1089 3506 XXIV,

72 3517 224 3569 excusatus
239 3521 297 3569 cett
317 3514 403 3579 codd,
423 3515 471 3578 K,
490 3514 637 3567 excuratus
657 3515 758 3567 Baebr.
