2468 3938
349 200 606 256 EPISTULARUM
623 200 649 254 V
668 207 745 254 1-3.
990 201 1053 265 113

38 369 108 433 eius
138 366 290 449 accipias,
318 387 414 449 quam
441 369 550 429 tamen
577 386 637 450 ego
665 365 798 448 augebo.
841 361 909 430 Scis
933 368 964 428 te
987 387 1054 429 non
1071 383 1108 454 ,10
1215 371 1216 390 ¹

39 457 270 540 subscripsisse
292 474 431 538 mecum,
459 458 493 518 et
514 455 578 518 iam
602 454 766 518 biennium
794 455 959 538 transisse,
987 476 1054 518 om-

37 548 160 629 niaque
183 566 235 608 me
257 566 318 608 usu
341 543 470 627 cepisse.
503 541 566 607 Sed
588 545 625 606 ut
647 545 680 607 te
708 542 877 607 coheredes
905 544 969 607 mei
991 547 1055 607 tra·

39 635 246 700 ctabiliorem
269 634 481 716 experiantur,
503 636 603 716 utque
626 633 687 698 tibi
714 632 796 696 nihil
817 632 985 697 abstulerit
1006 655 1055 697 re-

12 724 187 789 sverentia
210 723 286 804 mei,
310 721 408 785 offero
431 742 489 804 pro
517 743 588 786 mea
615 725 706 804 parte
733 720 942 785 sanandam?
980 719 1055 784 Tuli
1074 743 1107 790 11
1219 755 1220 760 κ

37 814 185 877 fructum
213 831 279 874 non
306 811 517 875 conscientiae
545 808 656 894 modo,
683 833 793 875 verum
822 812 919 874 etiam
941 811 1054 875 famae.

37 900 100 966 Ille
129 921 208 986 ergo
237 898 392 963 Curianus
420 900 562 983 legatum
595 899 676 963 mihi
706 900 838 983 reliquit
870 903 903 964 et
933 900 1056 964 factum

37 1011 162 1071 meum,
180 989 243 1054 nisi
264 988 348 1052 forte
371 988 519 1053 blandior
541 988 630 1071 mihi,
649 990 817 1072 antiquum
841 989 978 1053 notabili
1000 990 1057 1052 ho-

38 1101 121 1144 nore
147 1079 294 1163 signavit.

2 1195 25 1233 a
110 1166 203 1232 Haec
223 1167 285 1231 tibi
308 1167 434 1250 scripsi,
462 1167 537 1250 quia
565 1165 603 1230 de
630 1166 788 1251 omnibus,
817 1188 898 1250 quae
925 1188 977 1231 me
1004 1167 1057 1230 vel
1076 1187 1109 1235 12

40 1257 207 1323 delectant
228 1258 281 1320 vel
303 1259 435 1341 angunt,
462 1277 529 1319 non
551 1256 645 1320 aliter
671 1259 777 1320 tecum
806 1277 902 1340 quam
930 1276 1056 1319 mecum

39 1348 137 1430 loqui
160 1347 261 1429 soleo,
285 1344 398 1410 deinde
417 1344 504 1428 quod
523 1344 638 1408 drumm
657 1345 881 1409 existimabam
900 1348 932 1408 te
951 1366 1057 1407 aman-

41 1437 208 1500 tissimum
231 1435 296 1498 mei
313 1433 460 1498 fraudare
482 1435 658 1518 voluptate,
677 1456 773 1517 quam
797 1435 865 1518 ipse
884 1434 1057 1518 capiebam.

1 1587 2 1592 ,
41 1524 161 1608 Neque
188 1525 273 1589 enim
302 1544 373 1587 sum
401 1525 467 1587 tam
496 1525 635 1607 sapiens,
664 1527 701 1587 ut
723 1523 806 1587 nihil
829 1545 900 1586 mea
923 1523 1113 1606 intersit,13

6 1639 28 1678 rs
43 1636 87 1678 an
111 1615 161 1696 iis,
184 1633 265 1696 quae
283 1613 417 1677 honeste
437 1612 550 1676 fecisse
569 1634 620 1675 me
639 1610 743 1695 credo,
762 1611 945 1678 testificatio
965 1633 1059 1696 quae-

44 1702 121 1767 dam
147 1705 179 1765 et
202 1703 294 1786 quasi
315 1703 494 1786 praemium
518 1701 655 1766 accedat.
692 1700 781 1766 Vale.

536 1865 575 1924 Π,
655 1905 657 1912 .

198 1967 226 2014 o.
249 1967 388 2016 enmius
413 1967 611 2016 cauruauro
636 1965 772 2015 unacco
797 1943 863 2016 suo
888 1967 913 2016 s.

115 2055 236 2141 Accepi
266 2057 500 2140 pulcherrimos
532 2056 657 2140 turdos,
691 2077 764 2121 cum
801 2058 918 2142 quibus
932 2119 934 2124 ,
950 2077 1094 2142 peremi

11 2173 33 2212 a
47 2147 209 2212 calculum
236 2167 355 2229 ponere
381 2167 441 2211 nec
467 2147 556 2211 urbis
585 2147 686 2230 copiis
714 2168 753 2214 ex
780 2146 975 2211 Laurentino
1001 2167 1061 2211 neo

4 2287 5 2292 η
47 2237 148 2301 maris
175 2239 242 2299 tem
274 2234 411 2300 turbidis
444 2236 689 2320 tempestatibus
720 2257 862 2320 possum.
913 2235 1096 2320 Recipiesa

4 2305 10 2400 i
48 2346 128 2409 ergo
160 2325 313 2408 epistulas
345 2324 469 2389 steriles
502 2328 534 2388 et
566 2325 755 2409 simpliciter
786 2325 928 2410 ingratas
956 2345 994 2389 ac
1021 2347 1062 2389 ne

6 2427 9 2502 i,
50 2417 142 2479 illam
165 2411 295 2496 quidem
319 2414 494 2477 sollertiam
513 2413 679 2479 Diomedis
703 2415 737 2477 in
757 2413 969 2498 permutando
993 2436 1062 2477 mu-

50 2525 126 2568 nere
159 2503 329 2566 imitantes.
374 2500 450 2585 Sed,
482 2523 563 2587 quae
595 2501 733 2567 facilitas
764 2505 834 2587 tua,
865 2504 929 2567 hoo
959 2503 1061 2588 magis

8 2615 40 2666 ,u
53 2593 145 2657 dabis
167 2592 302 2675 veniam,
326 2590 413 2675 quod
436 2613 469 2656 se
492 2613 559 2655 non
580 2593 696 2656 mereri
717 2592 868 2656 fatentur.
915 2590 1004 2656 Vale.

532 2756 586 2815 111.

242 2856 270 2904 c.
293 2856 432 2905 enimus
457 2857 553 2906 mmo
576 2858 741 2906 samsom
764 2857 829 2906 suo
854 2857 880 2906 s.

122 2945 203 3010 Cum
235 2947 374 3030 plurima
406 2946 513 3012 officia
544 2952 600 3013 tua
632 2950 713 3012 mihi
744 2952 835 3032 grata
867 2951 899 3013 et
926 2948 1099 3015 iucundal

13 3043 17 3122 t
57 3041 131 3102 sunt
153 3039 224 3101 tum
246 3037 298 3099 vel
320 3037 468 3120 maxime,
487 3036 573 3120 quod
595 3060 647 3102 me
670 3036 837 3102 celandum
856 3059 922 3101 non
943 3038 1062 3121 putast'

20 3128 155 3194 afuisse
177 3124 263 3208 apud
285 3121 318 3189 te
336 3125 374 3189 de
397 3127 564 3190 versiculis
580 3128 661 3191 meis
678 3128 814 3191 multum
836 3127 1065 3211 copiosumque

59 3234 246 3297 sermonem,
269 3235 405 3297 eumque
428 3214 611 3280 diversitate
633 3215 823 3280 iudiciorum
842 3217 970 3300 longius
993 3238 1065 3300 pro-

60 3305 199 3388 cessisse,
222 3303 381 3368 exstitisse
404 3306 501 3368 etiam
525 3305 689 3388 quosdam,
713 3305 769 3388 qui
795 3305 912 3389 scripta
936 3304 1064 3388 quidem

11 2923 17 2962 i

60 3395 127 3478 ipsa
150 3412 216 3456 non
238 3393 454 3476 inprobarent,
477 3416 529 3458 me
551 3393 660 3458 tamen
686 3393 787 3458 amice
815 3395 1066 3478 simpliciterque

130 3591 147 3640 8
166 3585 345 3655 antiquorum
364 3585 489 3656 RFpro
508 3588 664 3657 (antiquom
681 3586 714 3657 ἓ).

112 3688 183 3728 l'nnu
196 3685 340 3726 narr-sunu.
891 3679 908 3729 8
