2480 3942
257 184 260 189 ,
365 127 623 182 EPISTULARUM
642 132 756 182 m-se.
1001 127 1068 192 273

449 296 510 355 nv.
535 291 672 376 [amr]

399 396 572 445 TRAIANUS
596 397 726 445 PLINIO.

121 487 166 552 Et
188 488 257 571 ipse
279 509 345 551 non
368 487 456 551 aliud
477 485 652 551 remedium
681 487 829 571 dispicio,
856 487 902 551 mi
926 485 1068 552 Secunde

54 577 231 659 carissime,
255 598 351 660 quam
373 580 410 640 ut
434 576 595 659 quantitas
618 598 787 640 usurarum
809 576 980 661 minuatim,
1004 597 1067 659 quo

27 666 180 730 sfacilius
203 665 355 748 pecuniae
378 665 525 748 publicae
548 666 750 730 collocentur.
787 663 920 730 Modum
938 666 1006 730 eius
1030 685 1070 729 ex

54 755 148 839 copia
172 776 295 837 eorum,
318 753 374 837 qui
396 755 642 838 mutuabuntur,
664 758 701 818 tu
724 754 907 819 constitues.
944 753 1069 818 Invitos

54 844 95 908 ad
115 842 335 926 accipiendum
353 844 551 926 compellere,
571 843 657 926 quod
675 843 821 907 fortassis
836 843 915 927 ipsis
930 843 1070 908 otiosum

53 933 199 997 futurum
222 933 279 1015 sit,
304 953 370 995 non
393 935 442 995 est
464 953 504 994 ex
526 932 650 996 iustitia
672 936 857 996 nostrorum
879 936 1068 1016 temporum.

446 1096 522 1155 uvi.
546 1090 680 1175 [nrm]

15 1207 39 1246 10
255 1197 284 1245 O.
308 1197 446 1245 PLINIUS
471 1197 624 1245 TRAJANO
648 1197 873 1245 IMPERATORI.

124 1285 283 1371 Summas,
305 1286 442 1371 domine,
465 1288 585 1372 gratias
610 1308 680 1372 ago,
704 1287 791 1370 quod
813 1287 897 1351 inter
914 1288 1070 1351 maximas
1089 1305 1104 1352 1

53 1377 279 1460 occupationes
298 1377 334 1440 ia
355 1377 405 1458 iis,
429 1376 467 1440 de
491 1376 608 1460 quibus
631 1380 663 1440 te
687 1376 843 1460 consului,
867 1397 919 1440 me
942 1397 1070 1460 quoque

52 1487 164 1551 regere
197 1465 347 1551 dignatus
380 1486 427 1548 aa,
459 1465 545 1549 quod
577 1486 662 1528 nunc
693 1485 820 1549 quoque
851 1465 950 1529 facias
981 1486 1069 1550 rogo.

52 1554 147 1619 Adiit
171 1555 255 1618 enim
279 1575 330 1618 me
353 1554 483 1637 quidam
506 1553 722 1637 indicavitque
740 1554 938 1619 adversarios
958 1575 1033 1618 suos
1053 1577 1072 1618 a
1090 1571 1105 1618 2

15 1671 38 1710 15
53 1643 193 1709 Servilio
218 1642 330 1726 Calue,
353 1641 529 1707 clarissimo
543 1643 637 1726 oviro,
660 1643 695 1706 in
716 1643 890 1706 triennium
912 1644 1070 1729 relegatos

52 1734 88 1797 in
113 1731 427 1816 provincia-morari.
472 1730 526 1796 llli
548 1736 659 1796 contra
688 1732 728 1796 ab
752 1731 863 1796 eodem
886 1754 920 1797 se
943 1733 1071 1797 restitu-

52 1828 106 1887 tos
123 1821 370 1886 adfirmaverunt
384 1821 586 1904 edictumque
599 1821 818 1886 recitaverunt.
843 1819 913 1896 Qua
926 1842 964 1886 aa
977 1842 1072 1885 causa

50 1910 271 1976 necessarium
294 1909 413 1974 credidi
435 1931 503 1973 rem
525 1910 684 1996 integram
707 1911 747 1974 ad
769 1914 802 1974 tc
820 1909 944 1974 referre.
977 1909 1071 1993 Nam,
1090 1926 1106 1974 3

53 2001 140 2064 sicut
164 1999 322 2063 mandatis
346 1999 411 2062 tuis
434 2004 563 2063 cautum
586 2002 648 2081 est,
679 2020 719 2062 ne
742 1997 913 2062 restituam
943 1999 983 2062 ab
1007 1999 1070 2063 alio

14 2116 40 2155 ro
54 2094 113 2153 aut
137 2111 156 2152 a
179 2109 229 2152 me
251 2088 419 2172 relegatos,
441 2089 486 2151 ita
505 2088 543 2151 de
561 2088 610 2170 iis,
633 2109 714 2171 quos
734 2087 815 2150 alius
834 2091 866 2150 et
884 2088 1071 2172 relegaverit

53 2183 87 2242 et
105 2177 292 2260 restituerit,
310 2177 393 2241 nihil
410 2175 674 2259 comprehensum
694 2179 750 2240 est.
774 2173 848 2238 Ideo
867 2179 913 2259 tu,
937 2176 1072 2259 domine,

52 2267 271 2331 consulendus
294 2265 399 2348 faristi,
422 2266 499 2349 quid
522 2265 690 2329 observare
714 2285 765 2328 ma
787 2265 885 2328 velles
913 2268 980 2328 tam
1002 2265 1072 2329 her·

53 2357 127 2420 cule
153 2346 191 2418 de
213 2355 265 2418 his
289 2375 385 2437 quam
413 2355 450 2418 de
478 2355 553 2438 illis,
580 2355 636 2437 qui
663 2355 698 2417 in
725 2357 915 2437 perpetuum
939 2354 1072 2440 relegati
1157 2415 1163 2424 ,

52 2467 114 2509 nec
141 2444 283 2508 restituti
309 2444 343 2506 in
365 2444 530 2526 provincia
555 2442 841 2526 deprehenduntur.
886 2441 972 2505 Nam
994 2443 1108 2507 bacca

14 2553 187 2618 aequoque
211 2533 331 2616 specics
354 2532 465 2596 incidit
483 2533 517 2595 in
536 2533 752 2618 cognitionem
769 2553 882 2596 meam.
909 2530 970 2595 Est
989 2533 1073 2595 enim

54 2623 215 2687 adductus
239 2621 279 2685 ad
301 2642 352 2685 mc
374 2622 408 2685 in
431 2625 621 2705 perpetuum
643 2621 803 2706 relegatus
827 2642 846 2684 a
868 2618 950 2685 lulio
970 2619 1071 2685 Basso

53 2711 257 2795 proconsule.
290 2709 373 2796 Ego,
395 2711 471 2793 quia
493 2710 631 2774 sciebam
654 2713 724 2774 acta
747 2709 841 2773 Bassi
862 2709 997 2773 rescissa
1020 2710 1072 2773 da-

53 2806 192 2882 tumque
216 2821 234 2862 a
257 2803 369 2864 senatu
392 2799 443 2863 ius'
467 2799 630 2881 omnibus,
657 2799 696 2862 de
723 2799 840 2881 quibus
868 2799 923 2861 ille
953 2799 1073 2882 aliquid

54 2887 289 2972 constituisset,
313 2909 352 2951 ex
369 2888 495 2974 integro
510 2887 626 2974 agendi
640 2889 805 2952 dumtaxat
823 2909 881 2970 per
900 2887 1073 2970 biennium,

14 3006 39 3046 ro
54 2978 256 3063 interrogavi
287 2976 387 3060 hunc,
423 2998 518 3060 quem
549 2977 758 3062 relegaverat,
796 2997 837 3039 an
868 2976 987 3040 adisset
1020 2976 1073 3040 do·

54 3069 240 3150 cuissetque
262 3067 494 3148 proconsulem.
540 3065 681 3147 Negavit.
726 3063 788 3129 Per
811 3062 897 3148 quod
925 3065 1108 3129 effectumt

55 3161 117 3240 est,
139 3158 179 3219 ut
200 3159 232 3219 te
255 3156 461 3238 consulerem,
482 3154 677 3218 reddendum
700 3175 773 3218 cum
795 3173 917 3237 poenae
938 3175 1013 3218 suae
1032 3176 1073 3224 an

55 3245 190 3332 gravius
215 3244 334 3327 aliquid
357 3248 389 3308 et
413 3243 490 3328 quid
512 3244 717 3326 potissimum
740 3243 998 3307 constituendum
1015 3265 1073 3326 pu-

132 3442 167 3491 12
186 3436 216 3490 in
233 3437 304 3492 coci.
322 3437 387 3490 add.
409 3435 513 3507 (Ἀσήρ,
531 3436 653 3502 Ernesti,
672 3435 710 3489 K.
784 3438 816 3488 17
836 3452 869 3490 ex
888 3451 973 3490 causa
988 3436 1073 3504 ΚΠ,

56 3525 147 3564 causa
160 3509 246 3579 vulp,
256 3525 286 3576 p.
298 3511 358 3562 126.
368 3511 395 3562 2.
451 3511 484 3560 23
500 3507 534 3560 de
544 3506 588 3560 his
598 3523 683 3576 quam
693 3506 728 3560 de
738 3505 795 3560 illis
805 3524 832 3574 a,
846 3522 931 3575 quam
941 3507 975 3561 ds
989 3506 1024 3561 iis
1034 3507 1073 3562 K.

112 3608 186 3649 an
199 3607 343 3648 Eurorum.
877 3599 911 3650 18
