2480 3942
387 165 645 220 arisromaun
665 126 777 221 ae-aa
1024 166 1089 231 263

75 334 174 394 erant.
212 328 296 406 Quid
315 351 390 415 ergo
410 330 543 394 debeam
562 331 662 414 sequi,
684 351 775 415 rogc,
800 330 936 414 domine,
960 331 1090 414 scribas,

75 419 265 502 praesertim
289 440 362 483 cum
385 419 544 502 pertineat
567 419 607 482 ad
630 421 822 501 exemplum.

444 583 534 642 xxx.
560 577 723 662 [xxxin]

421 683 593 732 TRAIANUS
618 684 748 732 PLINIO.

46 799 59 839 a
143 771 326 838 Secundum
349 775 499 838 mandata
517 797 588 838 mea
606 775 683 839 fecit
698 772 907 857 Sempronius
922 773 1090 839 Caelianus
1110 791 1125 838 1

74 864 233 928 mittendo
258 864 298 928 ad
320 868 353 927 te
376 885 443 947 eos,
467 864 506 927 de
530 864 646 947 quibus
671 864 822 949 cognosci
846 865 1022 948 oportebit,
1050 887 1091 928 an

75 954 212 1035 capitale
236 951 431 1035 supplicium
454 953 607 1016 meruisse
630 953 806 1016 videantur.
843 952 955 1017 Refert
974 957 1091 1036 autem,

74 1041 250 1106 voluntarii
274 1064 307 1106 se
331 1042 507 1106 obtulerint
530 1064 572 1105 an
594 1041 670 1106 lecti
687 1041 761 1106 'sint
784 1042 836 1106 vel
859 1041 957 1106 etiam
980 1043 1092 1106 vicarii

75 1131 151 1194 dati.
191 1129 282 1195 Lecti
304 1131 333 1194 si
356 1134 440 1214 sunt,
462 1130 629 1214 inquisitio
653 1130 807 1213 peccavit,
831 1130 858 1193 si
881 1131 993 1194 vicarii
1016 1131 1126 1215 datie

31 1244 58 1284 ιο
73 1241 173 1303 penes
187 1241 242 1284 eos
258 1220 352 1302 culpa
366 1222 423 1302 est,
447 1219 502 1303 qui
521 1220 684 1302 dederunt,
708 1219 735 1284 si
753 1219 826 1306 ipsi,
845 1239 916 1283 cum
936 1220 1092 1284 haberent

74 1309 272 1373 condicionis
296 1331 371 1374 suae
391 1309 629 1390 conscientiam,
651 1312 815 1393 venerunt,
839 1309 1091 1375 animadverten-

74 1398 152 1462 dum
176 1397 210 1461 in
233 1398 306 1462 illos
331 1398 399 1462 crit.
431 1395 545 1480 Neque
569 1398 655 1462 enim
678 1398 817 1461 multum
840 1398 982 1480 interest,
1006 1399 1092 1481 quod

73 1487 218 1550 nondum
241 1508 299 1570 per
321 1507 471 1551 numeros
501 1487 665 1551 distributi
693 1490 776 1550 sunt.
822 1485 882 1550 Ille
906 1487 992 1551 enim
1016 1487 1092 1571 st,

73 1575 163 1660 [pro]
180 1597 244 1658 quc
258 1576 399 1659 primum
413 1576 542 1658 probati
558 1579 641 1660 sunt,
654 1577 823 1641 veritatem
843 1576 883 1640 ab
902 1575 942 1640 iis
958 1575 1091 1662 originis

32 1689 58 1729 ra
74 1687 151 1730 snae
174 1665 290 1750 exegit.

474 1776 580 1834 xxxi.
604 1771 694 1856 [nn]

274 1876 303 1924 0.
326 1877 464 1924 PLINIUS
490 1876 643 1925 TRAIANO
667 1876 892 1926 IMPERATORL

142 1965 238 2031 Salva
261 1967 482 2053 magnitudine
505 1972 575 2050 tua,
606 1967 743 2050 domine,
767 1967 938 2032 descendas
964 1972 1126 2051 opcitct1

75 2057 115 2120 ed
139 2077 226 2120 meas
251 2077 355 2139 curas,
385 2078 457 2120 cum
480 2055 530 2120 ius
554 2056 636 2120 mihi
660 2056 782 2120 dederis
806 2056 964 2120 referendi
988 2056 1028 2120 ad
1051 2060 1092 2141 te,

30 2172 59 2211 eo
74 2146 113 2209 de
147 2145 263 2228 quibus
296 2145 417 2210 dubito.
463 2143 501 2209 In
533 2146 694 2229 plerisque
725 2140 921 2228 civitatibus,
952 2146 1126 2210 maximat

72 2232 282 2299 Nicomediae
310 2238 342 2298 et
364 2232 516 2317 Nicaeae,
549 2234 679 2318 quidam
702 2235 753 2298 vel
780 2235 815 2296 in
845 2255 925 2317 opus
950 2233 1093 2298 damnati

72 2324 126 2387 vel
154 2324 188 2386 in
209 2324 322 2387 ludum
349 2324 530 2407 similiaque
556 2323 608 2387 his
637 2344 753 2408 genera
782 2344 959 2406 poenarum
987 2323 1092 2406 publi·

74 2433 187 2477 corum
211 2434 375 2476 servorum
400 2411 506 2476 officio
531 2413 773 2495 ministerioque
795 2412 975 2497 fungimtur
996 2416 1092 2494 atque

74 2502 173 2565 etiam
196 2505 233 2564 nt
255 2501 378 2584 publici
397 2503 480 2564 servi
498 2523 604 2564 annua
623 2501 794 2584 accipiunt.
827 2499 920 2577 Quod
938 2521 998 2586 ego
1018 2522 1092 2564 cnm

31 2615 59 2654 ns
74 2590 245 2673 audissem,
260 2590 314 2654 diu
328 2589 530 2674 multumque
544 2591 709 2673 haesitavi,
725 2590 802 2674 quid
814 2589 919 2653 facere
935 2589 1092 2653 deberem.

72 2677 160 2742 Nam
184 2681 216 2742 et
238 2679 368 2742 reddere
387 2700 509 2762 poenae
528 2683 603 2762 post
620 2681 755 2764 longum
774 2683 902 2761 tempus
921 2679 1091 2761 plerosque
1111 2695 1127 2742 3

73 2770 139 2832 iam
164 2789 255 2831 senes
279 2771 320 2851 et,
344 2773 500 2851 quantum
524 2769 719 2851 adfirmatur,
741 2767 910 2853 frugaliter
934 2767 1092 2832 modeste·

74 2879 137 2941 que
161 2857 304 2920 viventes
327 2857 423 2921 nimis
448 2879 594 2922 severum
617 2857 811 2939 arbitrabar,
842 2860 874 2920 et
896 2857 931 2919 in
953 2856 1091 2938 publicis

73 2945 191 3010 officiis
210 2947 347 3009 retinere
366 2946 532 3010 damnatos
551 2967 618 3010 non
637 2947 713 3010 satis
732 2946 904 3009 honestum
922 2945 1092 3028 putabam3

30 3035 204 3100 socordem
227 3056 336 3098 rursus
360 3058 379 3098 a
401 3057 435 3099 re
459 3035 588 3118 publica
611 3035 700 3118 pasci
724 3035 844 3098 otiosos
872 3034 999 3116 inutile,
1026 3053 1093 3098 non

71 3125 165 3208 pasci
188 3125 285 3188 etiam
307 3115 524 3206 periculosum
543 3124 774 3188 existimabam.
805 3121 994 3187 Necessario
1014 3143 1091 3208 ergo
1110 3140 1128 3186 4

71 3235 142 3278 rem
166 3216 283 3297 totam,
315 3213 392 3276 dum
419 3217 452 3276 te
481 3213 694 3294 consulerem,
725 3213 760 3275 in
790 3233 944 3294 suspenso
968 3211 1091 3294 reliqui.

73 3301 216 3379 Quaeres
230 3301 376 3384 fortasse,
391 3323 487 3385 quem
502 3301 688 3365 admodum
704 3301 853 3383 evenerit,
867 3305 904 3364 ut
922 3301 1044 3383 poenis,
1058 3301 1093 3364 in

71 3413 154 3476 quas
175 3391 317 3455 damnati
337 3395 435 3473 erant,
455 3392 708 3474 exsolverentur3
732 3394 764 3453 et
783 3411 842 3475 ego
862 3390 1013 3473 quaesivi,
1038 3389 1093 3454 sed

149 3552 166 3600 9
185 3547 218 3603 a·
234 3547 302 3602 lecti
321 3548 386 3602 sunt
405 3547 488 3602 K.II
565 3552 599 3602 34
618 3545 727 3615 quaesii
741 3565 772 3614 c,
787 3546 855 3601 K.l.
