2458 3940
343 165 598 221 Plrncmrccs
616 153 747 222 rs-tr.
759 183 779 222 1.
1004 167 1067 231 337

49 331 87 394 in
111 352 145 394 se
169 329 247 394 boni
268 329 399 413 habent,
422 331 509 413 quod
531 330 722 414 approbant,
748 353 829 415 quae
856 331 1068 416 praecipiunt,

49 419 124 482 fieri
147 439 254 502 posse„
286 417 331 483 Et
354 420 425 502 quis
449 423 552 484 terror
574 420 728 484 valuisset
753 420 889 503 efficere,
912 422 998 503 quod
1021 417 1120 493 rc-46

49 507 198 572 verentia
220 507 269 572 tui
292 507 419 573 effecit?
456 506 606 574 Obtinuit
631 509 758 593 aliquis,
784 513 822 573 ut
849 509 1066 592 spectaculum

50 599 326 680 pantomimorum
354 598 494 681 populus
522 597 687 662 Romanus
714 597 787 662 tolli
814 602 986 682 peteretur,
1012 599 1067 663 sed

20 707 120 752 snon
143 687 293 769 obtinuit,
316 690 353 750 ut
375 687 481 751 vallat.
516 685 663 772 Rogatus
687 709 720 751 es
747 691 793 770 tu,
821 687 908 769 quod
930 689 1101 774 cogebata
1220 767 1221 770 Ἴ

50 773 144 860 alius,
162 776 331 858 coepitque
349 797 418 840 esse
437 776 638 859 beneficium,
658 776 744 860 quod
761 778 933 841 necessitas
951 777 1065 842 cerac.

48 863 166 947 Neque
189 865 275 928 enim
298 887 317 928 a
339 869 373 930 te
395 865 519 929 minore
545 869 712 948 concentu,
738 869 776 928 ut
798 867 926 930 tolleres
953 870 1065 949 panto·

49 954 177 1036 mimos,
201 975 298 1036 quam
321 977 340 1016 a
361 957 453 1036 patre
475 957 542 1036 tuo,
565 957 603 1017 ut
624 955 817 1036 restitueret,
841 958 989 1018 exactum
1008 959 1065 1020 est.

48 1039 235 1125 Utrumque
251 1045 351 1126 racte;
373 1064 449 1106 nam
467 1047 500 1106 et
517 1043 645 1110 restitui
663 1043 842 1126 oportebat,
861 1057 941 1127 quos
961 1047 1066 1108 sustu·
1084 1061 1099 1108 3

7 1158 32 1198 ιο
46 1131 132 1194 leret
154 1132 258 1195 malus
281 1133 440 1215 princeps,
463 1136 495 1195 et
522 1133 595 1196 tolli
621 1133 797 1196 restitutos.
834 1130 874 1196 ln
900 1133 940 1196 iis
969 1133 1064 1216 enim,

47 1241 133 1303 quae
156 1242 175 1283 a
197 1221 290 1284 malis
314 1221 395 1284 bene
422 1221 514 1304 fiunt,
536 1221 591 1286 hic
617 1221 773 1288 tenendus
787 1226 850 1285 <est
876 1221 1000 1305 modus,
1027 1226 1065 1285 ut

46 1312 203 1392 appareat
221 1314 385 1374 auctorem
404 1309 612 1393 displicuisse,
630 1332 697 1374 non
715 1311 846 1374 factum.
878 1305 967 1374 Idem
987 1331 1064 1395 ergo
1082 1328 1099 1374 4

45 1399 190 1481 populus
217 1398 272 1463 ille
299 1398 472 1481 aliqnando
502 1400 640 1464 scaenici
668 1400 870 1482 imperatoris
900 1403 1063 1483 spectator

46 1490 81 1550 et
112 1488 245 1570 plausor
275 1509 361 1553 nunc
392 1488 427 1552 in
453 1489 661 1570 pantomimis
690 1509 817 1571 quoque
846 1492 1009 1552 aversatur
1031 1493 1064 1552 et

7 1603 31 1643 15
46 1577 183 1640 damnat
196 1577 394 1640 effeminatas
414 1580 497 1641 artes
513 1582 545 1641 et
562 1577 712 1641 indecora
727 1576 854 1641 sacculo
874 1577 988 1642 studia.
1011 1577 1063 1640 Ex
1082 1594 1097 1642 o

46 1686 114 1749 quo
130 1666 337 1729 manifestum
352 1669 400 1732 est
414 1666 597 1749 principum
612 1667 815 1750 disciplinam
835 1688 946 1750 capere
965 1667 1062 1731 etiam

44 1754 174 1840 vulgus,
198 1775 272 1818 cnm
294 1776 371 1839 rem,
390 1757 419 1820 si
440 1755 481 1818 ab
504 1776 569 1819 uno
592 1757 659 1839 fiet,
678 1756 911 1820 severissimam
928 1757 1064 1820 fecerint

46 1864 169 1907 omnes.
205 1842 311 1908 Macte
333 1842 394 1908 hac
419 1845 587 1928 gravitatis
610 1847 723 1931 gloria,
751 1843 875 1928 Caesar,
903 1867 967 1928 qua
989 1867 1064 1910 con-

46 1935 178 1997 secutus
197 1955 239 2016 es,
256 1936 302 2014 nt,
322 1932 408 2015 quod
427 1935 520 1997 antea
534 1935 583 1997 vis
603 1937 636 1998 et
653 1935 834 2017 imperium,
852 1956 938 1999 nnnc
956 1956 1062 1998 mores

7 2045 31 2088 rc
45 2024 248 2086 vocarentur.
286 2019 531 2108 Castigaverunt
552 2023 632 2086 vitia
655 2045 712 2088 sua
734 2023 806 2106 ipsi,
830 2024 886 2105 qui
911 2023 1096 2108 castigaris

45 2110 263 2194 merebantur,
285 2111 435 2194 idemque
459 2112 678 2194 emendatores
702 2112 758 2195 qni
782 2111 970 2175 emendandi
992 2112 1061 2175 fue-

44 2203 133 2264 runt.
169 2197 282 2283 Itaque
304 2222 399 2264 nemo
424 2200 462 2264 de
486 2201 655 2265 severitate
677 2203 734 2263 tua
757 2201 910 2283 queritur,
928 2204 961 2264 et
982 2201 1060 2264 libe

44 2311 120 2352 rum
146 2292 195 2352 cst
223 2290 320 2371 queri.
359 2287 430 2372 Sed,
457 2311 530 2353 cum
557 2290 604 2354 ita
631 2292 851 2373 comparatum
879 2290 930 2372 sit,
957 2293 994 2352 ut
1021 2289 1094 2354 der

44 2378 138 2440 nullo
162 2377 268 2442 minus
290 2378 437 2463 principe
455 2382 630 2460 querantur
646 2378 803 2460 homines,
822 2399 919 2460 quam
938 2379 1059 2461 dequo

7 2466 188 2532 semanima
209 2467 294 2546 licet,
317 2471 373 2531 tuo
397 2467 432 2530 in
455 2469 582 2532 saeculo
605 2468 689 2530 nihil
711 2470 769 2551 est,
792 2488 856 2550 quo
874 2489 941 2531 non
965 2489 1059 2530 omna

45 2555 216 2618 hominum
231 2577 332 2640 genus
349 2557 487 2620 laetetur
505 2559 536 2620 et
551 2557 695 2642 gaudeat.
728 2555 812 2620 Boni
829 2556 1060 2639 provehuntur,
1077 2571 1093 2619 8

44 2644 134 2725 mali,
149 2645 206 2727 qui
219 2648 267 2709 cst
280 2645 564 2728 tranquillissimus
583 2649 685 2710 status
704 2645 852 2728 civitatis,
865 2666 925 2710 nec
942 2645 1060 2708 timent

43 2754 106 2797 nec
124 2733 286 2798 timentur.
318 2733 481 2798 Vitiorum
502 2735 731 2817 paenitentiam
751 2737 908 2817 expectas,
922 2734 1058 2798 mederis

44 2822 216 2904 erroribus,
239 2823 295 2886 sed
316 2823 576 2906 implorantibus
601 2823 823 2907 omnibusque,
851 2844 931 2906 quos
955 2823 1057 2888 bonos

7 2931 31 2976 ro
44 2911 135 2992 facis,
157 2909 241 2976 hanc
263 2914 379 2976 astruis
402 2912 538 2995 laudem,
561 2934 602 2976 ne
625 2913 767 2998 coegisse
789 2912 934 2976 videaris.

113 2997 218 3076 Quid?
240 3002 350 3084 vitam,
373 3002 471 3084 quid?
493 3023 599 3065 mores
622 3001 797 3070 iuventutis
821 3023 917 3084 quam
939 3000 1107 3084 princi-47

43 3089 163 3173 palitar
179 3089 312 3154 formas!
335 3112 430 3174 quem
448 3089 604 3154 honorem
624 3089 750 3155 dicendi
768 3090 941 3175 magistris,
959 3111 1056 3172 quam

44 3178 266 3263 dignationem
299 3180 473 3263 sapientiae
506 3179 690 3244 doctoribus
720 3179 832 3243 habes!
865 3181 903 3242 ut
932 3179 991 3243 sub
1024 3183 1056 3242 te

43 3268 194 3351 spiritum
222 3272 255 3332 et
282 3270 470 3353 sanguinem
499 3273 531 3332 et
556 3269 695 3352 patriam
721 3271 910 3352 receperunt
937 3267 1055 3332 studia!

116 3484 150 3532 10
168 3478 213 3532 his
232 3479 333 3534 Bactr.
391 3486 424 3534 17
449 3479 556 3534 abono
576 3480 676 3535 Boelcr.
739 3483 772 3531 al
794 3477 908 3546 iidemq.
928 3479 966 3541 K.
1021 3484 1055 3532 28

43 3547 185 3605 Vitiorum
202 3551 408 3620 poenitentiam
427 3552 557 3620 expectas
577 3552 613 3616 A,
634 3551 755 3620 (lupia,
774 3566 824 3605 om.
843 3551 901 3605 rell.

96 3652 170 3693 an
182 3651 328 3691 Beronum
861 3645 894 3692 22
