2480 3942
182 143 248 208 234
616 139 646 195 0·
666 141 764 195 Plffl

87 300 92 310 ’
181 311 213 372 et
237 306 331 390 quasi
350 328 536 390 oppressam
556 325 670 391 cogam
689 305 836 389 pluribus
856 305 993 391 singula,
1009 306 1203 394 posteriori-

180 396 240 459 bus
264 395 371 479 priora
396 394 565 459 dimittere.
611 392 701 458 Vale.

649 559 728 618 XIX,
929 548 965 598 ὴν

448 660 476 707 O.
500 660 638 708 PLINIUS
662 659 791 708 RUSONI
815 660 880 708 SUO
906 660 931 708 S.

147 766 161 814 1
248 747 416 835 Significas
430 749 547 836 legisse
565 754 597 814 te
610 751 646 814 in
664 751 801 834 quadem
821 750 960 834 epistula
974 773 1046 815 mea
1064 750 1201 815 iussisse
1221 775 1225 814 ε

144 915 146 922 Ι
180 835 359 924 Verginum
382 838 504 903 Rufum
527 839 660 904 inscribi
683 841 829 923 sepulcro
854 861 928 904 suo:

225 944 309 1010 ‘Hic
349 945 447 1010 situs
489 949 546 1011 est
587 944 727 1029 Rufus,
771 947 883 1029 pulso
925 945 990 1030 qui
1032 945 1200 1010 Vindice

907 1034 1112 1118 quondam

269 1122 472 1207 imperium
495 1123 667 1187 adseruit
689 1145 764 1187 non
787 1123 876 1209 sibi,
900 1124 965 1188 sed
986 1124 1164 1207 patriae?

180 1229 409 1314 Reprehendis,
432 1230 519 1313 quod
541 1228 679 1313 iusserit,
703 1229 793 1294 addis
812 1231 909 1294 etiam
928 1231 1044 1294 melius
1065 1232 1199 1296 rectius·
1211 1255 1225 1293 u

181 1341 243 1403 que
270 1317 475 1403 Frontinum,
505 1319 592 1402 quod
619 1320 759 1383 vetuerit
786 1321 917 1384 omnino
950 1323 1197 1384 monumentum

180 1408 243 1473 sibi
265 1408 350 1491 fieri,
381 1429 495 1491 meque
518 1407 559 1471 ad
582 1410 776 1492 extremum,
804 1409 882 1492 quid
905 1409 944 1473 de
967 1412 1109 1492 utroque
1133 1431 1197 1473 sen·

145 1513 161 1561 2
180 1497 268 1580 tiam,
291 1496 441 1561 consulis.
486 1494 668 1580 Utrumque
692 1496 803 1582 dilexi,
831 1498 965 1562 miratus
988 1519 1061 1562 sum
1085 1499 1197 1583 magis,

142 1663 144 1668 Ι
182 1608 278 1669 quem
301 1589 338 1649 tu
360 1585 579 1670 reprehendis,
602 1589 698 1670 atque
721 1587 767 1650 ite
789 1587 934 1670 miratus,
956 1589 1084 1650 utnon
1109 1591 1196 1670 puta·

180 1697 249 1738 rem
281 1673 359 1739 satis
391 1696 544 1759 umquem
576 1696 670 1758 posse
701 1675 839 1760 laudari,
876 1677 966 1741 ouius
998 1695 1085 1738 nunc
1119 1673 1195 1740 mihi
1208 1697 1224 1737 o

146 1762 347 1828 esubeunda
371 1762 513 1827 defensio
537 1767 594 1828 est.
641 1761 759 1828 Omnes
783 1785 854 1850 ego,
877 1765 933 1847 qui
956 1785 1114 1849 magnum
1143 1765 1194 1828 ali-

182 1851 259 1935 quid
273 1853 579 1936 memorandumque
592 1853 746 1937 fecerunt,
768 1875 835 1917 non
849 1854 944 1917 modo
959 1853 1063 1937 venia,
1086 1876 1194 1918 verum

181 1941 278 2005 etiam
291 1941 386 2005 laude
400 1941 605 2027 dignissimos
619 1941 736 2026 iudico,
755 1942 782 2006 si
796 1942 1083 2026 immortalitatem,
1103 1964 1194 2026 quam

89 2087 95 2104 ,
129 2105 131 2110 ,
180 2051 333 2114 meruere,
357 2035 519 2094 sectentur
541 2030 723 2115 victurique
740 2031 881 2102 nominis
899 2032 1019 2096 famam
1039 2032 1193 2115 supremis

83 2107 113 2174 ia
144 2135 162 2184 4
181 2120 278 2183 etiam
296 2119 399 2184 titulis
419 2140 593 2205 prorogare
611 2120 766 2184 nituntur.
775 2103 866 2204 J‘Neo
883 2120 978 2184 facile
1001 2119 1224 2204 quemquamst

180 2207 244 2272 nisi
273 2207 463 2293 Verginium
495 2209 638 2292 invenio,
671 2210 762 2274 cuius
793 2213 885 2272 tanta
917 2210 951 2273 in
982 2209 1192 2292 praedicando

145 2311 162 2362 5
181 2297 371 2362 verecundia
394 2301 514 2380 quanta
535 2298 638 2382 gloria
661 2320 701 2362 ex
722 2298 817 2362 facto.
850 2296 924 2382 Ipse
947 2320 1019 2362 sum
1037 2298 1131 2363 testis
1153 2299 1192 2361 fa-

181 2385 348 2450 miliariter
379 2387 420 2450 ab
448 2408 485 2450 eo
517 2386 651 2451 dilectus
683 2387 901 2471 probatusque
934 2386 1032 2452 semel
1066 2388 1192 2452 omnino
1222 2387 1223 2391 ’

181 2497 232 2539 me
260 2475 408 2540 audiente
437 2479 634 2560 provectum,
660 2479 700 2539 ut
728 2475 767 2540 de
795 2476 890 2540 rebus
915 2476 980 2541 suis
1009 2476 1074 2540 hoc
1097 2498 1191 2540 unum
1221 2526 1222 2534 ,

180 2564 321 2646 referret,
344 2565 389 2628 ita
412 2584 519 2628 secum
543 2563 714 2647 aliquando
740 2562 889 2630 Cluvium
911 2567 1073 2630 locutum:
1106 2547 1222 2644 ‘Soisrt

180 2651 324 2738 Vergini,
343 2674 425 2736 quae
443 2651 596 2718 historiae
613 2653 692 2718 fides
711 2653 871 2718 debeatur.
908 2653 1058 2737 Proinde,
1077 2653 1105 2718 si
1120 2654 1192 2738 quid

180 2743 215 2805 in
232 2741 376 2806 historiis
394 2741 474 2806 meis
493 2743 574 2828 legis
598 2741 700 2826 aliter,
723 2764 760 2807 ac
786 2745 895 2827 velles,
918 2765 1008 2829 rogo,
1026 2743 1191 2828 ignoscas’.
1220 2795 1221 2818 ,

180 2827 233 2894 Ad
261 2831 324 2895 hoc
351 2830 420 2894 ille:
453 2829 555 2895 ‘Tune
586 2832 726 2916 ignoras,
756 2829 859 2915 Cluvi,
890 2832 962 2896 ideo
992 2854 1044 2895 me
1073 2832 1191 2914 fecisse,

181 2920 268 3003 quod
289 2919 361 3004 feci,
383 2923 420 2982 ut
443 2924 526 2984 esset
548 2920 686 2984 liberum
708 2921 800 2986 vobis
816 2921 961 3004 scribere,
985 2942 1067 3004 qnae
1085 2921 1189 2986 libuis-
1219 2959 1220 2970 ³

146 3025 162 3073 6
181 3009 266 3072 seti'
312 3007 384 3094 Age
408 3009 493 3093 dum,
521 3009 607 3072 huno
630 3009 737 3094 ipsum
759 3007 951 3075 Frontinum
973 3009 1008 3074 in
1030 3009 1094 3074 hoc
1117 3010 1219 3094 ipsqr

180 3097 216 3161 in
239 3118 302 3180 quo
329 3096 391 3162 tibi
412 3100 540 3181 parcior
568 3098 695 3162 videtur
724 3103 756 3162 et
778 3099 932 3183 pressior,
964 3120 1188 3182 comparemus.

179 3185 294 3249 Vetuit
317 3187 421 3250 extrui
443 3191 687 3254 monumentum
693 3237 702 3271 ,
730 3188 785 3252 sed
814 3189 930 3272 quibus
958 3187 1089 3252 verbis?
1135 3187 1189 3252 ‘In-

254 3381 329 3444 323q.
349 3377 454 3430 exstrui
468 3379 629 3432 moniment.
649 3411 684 3420 -
703 3377 760 3448 inp.
779 3396 901 3433 monum.
923 3381 991 3435 KJ.
1023 3377 1139 3434 Monim.
1162 3381 1185 3432 io

181 3451 270 3512 utroq.
291 3447 330 3499 ed.
340 3447 425 3501 1117.
436 3453 453 3502 8
467 3467 521 3516 em,
546 3451 656 3504 V1129.
667 3454 699 3516 2,
719 3451 846 3505 V11117.
857 3455 887 3518 5,
905 3468 1028 3504 monum.
1049 3451 1128 3506 VIII
1134 3457 1156 3506 6.
1167 3455 1186 3504 1.

183 3517 638 3588 rreoe.,1X19.1ee.‚poa.95.1;
651 3521 764 3575 monim.
773 3523 845 3589 eal,
858 3539 980 3576 monum.
990 3524 1030 3576 ΙΙ
1036 3523 1066 3576 Χ
1075 3527 1119 3577 31.
1127 3529 1143 3578 I
1151 3539 1185 3576 er.

1207 3691 1216 3919 t
