2442 3940
374 145 632 201 EPISTULARUM
649 146 675 199 H
695 153 771 201 1-3.
1036 146 1077 210 31

5 315 6 328 .
68 331 133 395 cus,
158 309 258 375 immo
277 279 414 394 Attidus,
433 310 646 394 praefationes
669 313 782 393 tersae,
800 309 944 396 graciles,
963 309 1080 393 dulces,

69 421 181 485 graves
201 399 360 464 interdum
380 403 412 464 et
431 403 560 464 erectae.
584 397 694 463 Poscit
713 399 945 464 controversias
964 398 1080 482 plures,
1099 417 1115 463 2

68 489 259 554 electionem
287 487 485 552 auditoribus
512 488 685 572 permittit,
713 509 808 572 saepe
836 488 933 551 etiam
964 492 1081 572 partes,

5 595 7 620 ³
68 578 181 663 surgit,
205 576 361 661 amicitur,
380 576 509 661 incipit3
531 575 641 641 statim
661 577 768 640 omnia
786 597 824 641 ac
842 598 942 660 paene
960 577 1081 660 pariter

44 667 108 730 aad
129 688 272 751 manum,
295 688 406 730 sensus
429 665 586 732 reconditi
605 669 782 748 occursant,
800 666 907 750 verba,
926 665 981 729 sed
1005 687 1080 748 qua-

57 756 123 842 lia!
144 754 290 838 quaesita
308 759 340 820 et
358 755 494 819 exculta.
530 753 635 818 Multa
657 754 754 820 lectio
778 755 811 818 in
835 754 960 837 subitis,
978 755 1081 818 multa

38 841 202 928 &scriptio
226 843 337 908 elucet.
377 843 637 912 Prohoemiatur<
646 847 729 927 apte,
751 848 860 909 narrt
883 847 1001 928 aperte,
1023 865 1080 926 pu·
1100 860 1116 907 3

22 897 149 1018 i'gnat
175 933 299 1017 acriter,
328 933 453 1019 colligit
480 932 617 1015 fortiter,
645 937 738 997 ornat
760 865 893 1017 effodse,
916 937 1080 1016 postremo
1201 945 1215 974 ‘

5 986 31 1104 s
68 1022 176 1105 docet,
203 1022 352 1106 delectat,
379 1021 502 1105 adficit,
530 1021 608 1104 quid
630 1021 782 1106 maxime,
806 1021 946 1107 dubites,
969 1020 1061 1086 erebr
1101 1085 1105 1092 .
1148 1066 1163 1096 ,
1192 1067 1211 1121 3

32 1136 55 1175 1⁰
68 1110 156 1176 ἐνθυ
193 1113 200 1134 ’
285 1160 295 1193 ,
317 1110 421 1175 crebri
444 1111 633 1196 syllogismi,
657 1110 892 1194 circumscripti
915 1115 948 1175 et
967 1109 1081 1193 effecti,
1093 1083 1192 1218 &gis

68 1179 157 1283 quod
184 1198 258 1264 stilo
287 1221 414 1284 quoque
442 1200 574 1284 adsequi
605 1221 759 1286 magnum
789 1202 850 1284 est,
882 1198 1080 1264 incredibilis

68 1289 232 1373 memoria,
263 1290 381 1372 repetit
412 1288 518 1373 altius,
550 1310 632 1371 quae
664 1288 746 1352 dixit
778 1309 817 1352 ex
849 1292 1009 1371 tempore,
1039 1308 1081 1350 ne

68 1377 168 1442 verbo
196 1377 324 1461 quidem
351 1377 478 1442 labitur.
523 1375 575 1441 Ad
601 1381 725 1442 tantam
752 1375 821 1454 ἕξιν
843 1376 950 1440 studio
974 1380 1006 1440 et
1029 1393 1117 1440 err-4

5 1513 7 1530 .
68 1466 257 1530 ercitatione
275 1466 433 1550 pervenit3
451 1489 526 1531 nam
546 1464 658 1531 diebus
673 1469 705 1530 et
725 1465 875 1532 noctibus
892 1465 975 1531 nihil
994 1465 1082 1529 aliud

5 1611 6 1640 ἶ
33 1581 55 1620 a
68 1556 147 1641 agit,
169 1554 252 1619 nihil
275 1555 374 1640 audit,
396 1555 479 1620 nihil
502 1554 653 1638 loquitur.
690 1553 822 1620 Annum
845 1555 1080 1640 sexagesimum
1100 1569 1116 1618 5

5 1641 6 1690 l
68 1645 205 1708 excessit
229 1647 261 1707 et
283 1644 388 1709 adhuc
410 1644 621 1710 scholasticus
644 1647 770 1708 tantum
792 1647 854 1728 est,
878 1665 941 1728 quo
966 1665 1081 1729 genere

68 1733 237 1797 hominum
256 1733 339 1798 nihil
357 1737 413 1798 aut
432 1732 586 1798 sincerius
609 1736 665 1796 aut
684 1732 863 1816 simplicius
882 1737 938 1798 aut
956 1733 1080 1797 melius.

5 1787 7 1830 i
68 1821 139 1887 Nos
158 1822 254 1904 enim,
272 1823 327 1906 qui
345 1822 381 1886 in
398 1823 468 1886 foro
487 1821 634 1906 verisque
652 1821 764 1886 litibus
782 1823 925 1904 terimur,
942 1823 1081 1886 multum

69 1911 220 1994 malitiae,
244 1912 389 1994 quamvis
411 1911 561 1994 nolimus,
584 1911 785 1976 addiscimus.
832 1908 949 1975 Schola
972 1914 1005 1974 et
1027 1932 1080 1974 au·
1101 1927 1116 1975 6

34 1999 223 2064 auditorium
253 2000 387 2064 atficta
415 2021 510 2064 causa
536 2021 588 2064 res
614 2000 760 2083 inermis,
788 1999 919 2064 innoxia
947 2003 995 2064 est
1021 2018 1082 2063 nec

69 2089 176 2152 minus
194 2088 283 2173 felix,
301 2088 430 2153 senibus
449 2088 645 2172 praesertim.
667 2087 753 2154 Nam
772 2089 850 2172 quid
865 2089 900 2153 in
918 2090 1081 2153 senectute

69 2177 196 2242 felicius
216 2199 311 2260 quam
330 2177 418 2260 quod
437 2176 657 2242 dulcissimum
677 2178 778 2242 estin
801 2177 953 2242 iuventa?
978 2176 1081 2252 Quare
1102 2193 1116 2242 7

70 2287 130 2350 ego
158 2263 286 2330 Isaeum
312 2288 380 2331 non
407 2265 651 2331 disertissimum
678 2269 819 2350 tantum,
845 2289 956 2332 verum
984 2267 1082 2330 etiam

5 2391 8 2460 ,
70 2354 293 2419 beatissimum
321 2355 441 2440 iudico,
469 2376 564 2437 quem
590 2359 627 2419 tu
654 2354 718 2420 nisi
746 2375 937 2440 cognoscere
968 2376 1082 2420 conou-

35 2468 57 2508 1
70 2443 177 2526 piscis,
202 2465 315 2508 saxeus
338 2445 525 2527 ferreusque
548 2465 590 2507 es.
634 2442 783 2529 Proinde,
811 2445 838 2508 si
864 2466 931 2509 nou
954 2442 995 2508 ob
1019 2442 1081 2507 alia
1100 2459 1116 2507 8

5 2547 6 2550 ’
70 2553 194 2615 nosque
222 2533 324 2617 ipsos,
351 2537 386 2598 at
413 2535 498 2599 certe
525 2535 562 2596 ut
589 2532 675 2598 hunc
701 2533 825 2612 audias,
853 2533 935 2597 veni.
980 2529 1082 2595 Num-

71 2642 209 2703 quamne
231 2621 341 2706 legisti
365 2619 558 2686 (iaditauum
587 2623 746 2704 quendam
769 2621 835 2688 Titi
857 2621 929 2686 Livi
952 2619 1082 2685 nomine

71 2710 238 2794 gloriaque
261 2714 459 2775 commotum
476 2709 518 2774 ad
535 2710 702 2776 visendum
726 2734 799 2776 eum
822 2710 861 2775 ab
882 2710 997 2774 ultimo
1021 2713 1081 2774 ter-

71 2820 178 2862 rarum
215 2799 293 2863 orbe
329 2801 454 2866 venisse
491 2800 677 2883 statimque,
712 2804 750 2864 ut
786 2801 922 2882 viderat,
953 2797 1082 2864 abisse?

36 2883 302 2971 ao'Acpaldculov,
325 2888 550 2972 inlitteratum,
577 2889 662 2953 iners
686 2910 722 2954 ac
745 2911 846 2973 paene
869 2889 965 2953 etiam
988 2892 1082 2972 turpe

5 2963 6 2990 ¹
73 2979 121 3040 est
141 2998 208 3041 non
231 2980 344 3059 putare
362 2978 446 3042 tanti
469 2977 696 3062 cognitionem,
716 3000 779 3062 qua
797 2978 886 3042 nulla
905 2981 953 3043 est
971 2978 1081 3041 iucun-

73 3063 150 3148 dior,
172 3065 263 3129 nulla
285 3066 459 3149 pulchrior,
481 3067 571 3130 nulla
594 3067 730 3150 denique
753 3067 931 3132 humanior.
972 3065 1116 3131 Diceszs)

74 3151 197 3218 ‘Habeo
220 3153 284 3236 hic,
307 3176 388 3238 quos
411 3156 526 3241 legam,
549 3177 616 3220 non
638 3157 744 3220 minus
769 3155 925 3220 disertos?
959 3155 1082 3239 Etiam3

75 3242 128 3305 sed
149 3241 278 3328 legendi
302 3267 427 3329 semper
450 3245 575 3309 occasio
599 3248 661 3327 est,
688 3244 838 3308 audiendi
859 3267 926 3309 nou
949 3266 1081 3329 semper.

41 3353 62 3392 1
74 3328 240 3396 Praeterea
262 3334 366 3398 multo
389 3334 502 3419 magis,
524 3336 562 3396 ut
579 3334 677 3418 vulgo
701 3333 826 3418 dicitur,
848 3335 921 3398 1111
943 3355 1007 3398 vox
1030 3332 1081 3396 ad-

145 3529 160 3577 7
179 3525 321 3594 prohoem.
342 3527 380 3580 M
388 3527 418 3593 V,
437 3526 646 3594 K.1,prooem.
665 3527 722 3581 rell.
