2468 3938
123 161 186 224 128
558 157 586 213 0.
606 157 705 212 ΡΙιιΝι

84 339 100 388 e
119 343 190 387 cere
208 343 275 386 non
293 325 437 406 possunt,
461 322 606 387 convicio
626 324 790 386 scazontes
809 322 1030 403 extorqueant.
1007 318 1136 384 tP-er

118 412 239 476 fectum
272 432 353 495 opus
384 410 631 494 absolutumque
664 414 712 476 est
743 430 804 474 nee
839 410 904 473 iam
941 409 1139 493 splendescit

118 501 212 583 lima,
244 500 300 564 sed
329 501 487 564 atteritur
523 499 638 564 Petere
661 522 712 564 me
740 499 848 562 videre
876 499 1008 562 titulum
1032 502 1139 599 tuum,

120 593 230 691 patere
249 589 359 653 audire
378 589 524 672 describi,
547 588 622 674 legi,
644 589 752 652 venire
770 588 937 653 volumina
955 549 1141 670 Tranquilli

120 679 194 743 mei
239 676 390 761 Aequum
414 682 462 742 est
484 699 544 743 nos
572 676 606 741 in
635 699 744 742 amore
767 681 834 742 tarn
864 679 978 740 mutuo
1003 675 1140 740 eandem
1175 703 1188 743 s

121 768 285 920 pprlcipere
304 789 344 831 ex
361 771 394 831 te
413 768 622 851 voluptatem,
645 770 764 850 quatu
782 765 954 850 perfrueris
974 787 1014 830 ex
1032 765 1141 830 nobis.

154 879 173 920 a
187 878 212 920 e.

544 967 594 1026 XI.
634 967 701 1026 XII.

155 1068 184 1116 ο.
207 1067 346 1116 Pennus
372 1067 570 1116 οιιιιιιιιιιο
595 963 732 1116 aiendo
757 1067 962 1116 Prosocero
987 1066 1053 1115 suo
1077 1067 1106 1114 S.
1230 977 1231 1058 i

89 1176 103 1223 1
190 1157 312 1242 Recepi
339 1158 463 1222 litteras
485 1162 574 1240 tuas,
598 1180 637 1221 ex
661 1157 777 1241 quibus
802 1159 940 1244 cognovi
963 1159 1144 1259 tespecio-
1162 1186 1191 1225 ιο

124 1247 283 1312 sissimam
310 1248 471 1330 porticum
500 1245 600 1311 subt
586 1250 643 1311 tuo
671 1247 794 1332 filiique
821 1247 870 1311 tui
899 1247 1030 1311 nomine
1054 1247 1144 1320 dedi-

124 1358 221 1420 casse,
244 1336 390 1438 sequenti
410 1335 513 1399 diem
532 1340 697 1419 portarum
717 1340 864 1400 ornatum
879 1336 1048 1420 pecuniam
1067 1358 1144 1420 pro·

124 1427 258 1509 misisse,
281 1429 318 1489 nt
336 1419 465 1488 initium
488 1446 590 1489 novae
612 1424 814 1490 liberalitatis
838 1429 921 1490 esset
940 1446 1145 1490 consumma-

90 1515 171 1580 stio
195 1514 321 1598 prioris.
368 1512 498 1577 Gaudeo
522 1513 662 1597 primum
686 1519 742 1579 tna
765 1514 884 1600 gloria,
908 1515 999 1579 euius
1023 1514 1064 1577 ad
1087 1536 1142 1578 me

125 1625 198 1687 pers
223 1604 330 1686 aliqua
353 1624 411 1686 pro
435 1603 669 1668 necessitudine
691 1607 801 1668 nostra
824 1601 994 1688 redundat,
1025 1603 1143 1667 deinde
1163 1633 1191 1671 ιι
1232 1632 1233 1692 ι

126 1693 213 1776 quod
240 1692 427 1755 memoriam
458 1693 559 1755 soceri
582 1692 646 1756 mei
669 1692 894 1776 pulcherrimis
919 1692 1070 1776 operibus
1094 1692 1142 1756 vi-

126 1781 185 1845 deo
215 1781 365 1863 proferri,
396 1785 559 1864 postremo
593 1781 680 1864 quod
712 1781 816 1865 patria
847 1785 957 1846 nostra
988 1781 1144 1864 florescit,

127 1892 223 1970 quem
247 1869 327 1933 mihi
350 1892 369 1933 a
392 1891 593 1953 quocumque
617 1871 720 1934 excoli
747 1869 936 1952 iucundum,
967 1874 1040 1935 ate
1064 1891 1143 1934 vero

92 1957 200 2024 elaet
177 1959 338 2024 tissimum
361 1962 418 2024 est.
464 1957 557 2060 Quod
579 1962 736 2042 superest
765 1961 840 2024 deos
863 1981 990 2043 precor,
1014 1963 1051 2023 ut
1074 1959 1144 2024 ani·

127 2069 216 2112 mum
239 2048 338 2112 istum
361 2048 436 2130 tibi,
453 2049 560 2112 animo
580 2049 634 2111 isti
623 2051 779 2132 rtempus
799 2070 894 2132 quam
913 2047 1142 2134 longissimum
1161 2076 1191 2114 so

127 2136 279 2201 tribuant.
305 2133 410 2200 Nam
421 2097 535 2288 liquet
521 2136 639 2201 tmihi
661 2137 711 2201 fut
697 2141 807 2202 turum
829 2141 867 2201 ut
889 2140 1029 2220 peracto,
1054 2136 1144 2220 quod

128 2227 273 2309 proxime
295 2224 483 2309 promisisti,
504 2225 635 2290 inchoes
658 2225 754 2290 aliud
799 2225 911 2290 Nescit
897 2227 1019 2290 tenim
1043 2225 1146 2290 semel

128 2315 261 2379 incitato
274 2314 499 2379 liberalitast
469 2319 499 2379 st
500 2336 561 2397 are,
581 2315 672 2380 euius
690 2313 817 2399 pulchri
819 2315 963 2381 tudinem
977 2337 1054 2380 usus
1073 2316 1145 2398 ipse

101 2403 341 2492 commendat.
386 2401 476 2468 Vale.

533 2551 598 2609 XII.
624 2549 735 2627 [XHI.]
1162 2573 1191 2613 ss

290 2650 319 2699 0.
343 2651 480 2698 PLINIUS
505 2651 682 2699 TERENTIO
707 2651 841 2700 SCAURO
865 2651 931 2700 SUO
956 2651 982 2700 S.

96 2761 110 2808 1
197 2741 402 2806 Recitaturus
426 2741 668 2825 oratiunculam,
701 2763 798 2825 quam
827 2741 992 2825 publicare
1024 2743 1147 2826 cogito,

131 2830 285 2896 advocavi
298 2831 432 2913 aliquos,
455 2834 492 2894 ut
510 2851 643 2914 vererer,
661 2853 790 2914 paucos,
809 2835 846 2894 ut
863 2853 976 2896 verum
990 2831 1146 2895 audirem.

131 2919 216 2984 Nam
240 2919 320 2984 mihi
343 2920 461 3003 duplex
484 2918 567 2984 ratio
586 2919 749 3003 recitandi,
772 2941 844 3002 una,
867 2924 904 2984 ut
927 2919 1146 2984 sollieitudine

132 3008 296 3091 intendar,
328 3009 441 3091 altera,
472 3012 509 3072 ut
536 3008 717 3092 admonear,
749 3009 777 3073 si
804 3009 882 3091 qnid
912 3009 996 3072 forte
1026 3029 1076 3072 me
1106 3013 1147 3072 ut
1163 3035 1193 3074 ao

98 3114 240 3162 rmeum
263 3097 356 3162 fallit.
401 3096 490 3180 Tuli,
512 3097 599 3180 quod
621 3097 785 3182 petebam,
817 3097 941 3180 inveni,
974 3097 1030 3180 qui
1062 3096 1146 3161 mihi

70 3291 72 3298 y
134 3187 260 3270 copiam
283 3187 409 3250 consilii
432 3187 482 3251 sui
504 3187 653 3289 iacerent.
704 3185 776 3288 Ipse
794 3190 964 3288 ,praeterea
986 3185 1147 3288 quaedam

135 3273 332 3338 emendanda
364 3275 523 3340 adnotavi.
568 3275 746 3340 Emendavi
777 3275 910 3358 hbmm,
943 3296 1039 3358 quem
1071 3296 1149 3340 misr

179 3469 224 3589 955
231 3479 367 3588 &equom
386 3467 458 3532 KJ,
477 3445 596 3537 seqndm
615 3470 658 3522 Μ.
748 3471 782 3520 28
805 3481 945 3522 revererer
970 3451 1017 3533 M,
1036 3467 1103 3522 KJ
1117 3475 1152 3522 ut

134 3552 164 3603 p.
216 3576 222 3588 .
270 3576 276 3586 .
