<?xml version="1.0" encoding="UTF-8"?>
<!DOCTYPE html PUBLIC "-//W3C//DTD XHTML 1.0 Transitional//EN"
    "http://www.w3.org/TR/xhtml1/DTD/xhtml1-transitional.dtd">
<html xmlns="http://www.w3.org/1999/xhtml" xml:lang="en" lang="en">
 <head>
  <title>
</title>
<meta http-equiv="Content-Type" content="text/html;charset=utf-8" />
  <meta name='ocr-system' content='tesseract 3.04.00' />
  <meta name='ocr-capabilities' content='ocr_page ocr_carea ocr_par ocr_line ocrx_word'/>
</head>
<body>
  <div class='ocr_page' id='page_1' title='image "./cplinicaecilise00mlgoog_0195.png"; bbox 0 0 2482 3942; ppageno 0'>
   <div class='ocr_carea' id='block_1_1' title="bbox 166 157 745 222">
    <p class='ocr_par' dir='ltr' id='par_1_1' title="bbox 166 157 745 222">
     <span class='ocr_line' id='line_1_1' title="bbox 166 157 745 222; baseline -0.017 0"><span class='ocrx_word' id='word_1_1' title='bbox 166 158 231 222; x_wconf 88' lang='grc'>184</span> <span class='ocrx_word' id='word_1_2' title='bbox 600 157 627 211; x_wconf 86' lang='lat' dir='ltr'>C.</span> <span class='ocrx_word' id='word_1_3' title='bbox 647 157 745 212; x_wconf 84' lang='lat' dir='ltr'>PLINI</span> 
     </span>
    </p>
   </div>
   <div class='ocr_carea' id='block_1_2' title="bbox 47 318 1225 1336">
    <p class='ocr_par' dir='ltr' id='par_1_2' title="bbox 163 318 1187 582">
     <span class='ocr_line' id='line_1_2' title="bbox 164 318 1187 409; baseline -0.003 -24"><span class='ocrx_word' id='word_1_4' title='bbox 164 319 261 409; x_wconf 86' lang='lat' dir='ltr'>(nihil</span> <span class='ocrx_word' id='word_1_5' title='bbox 278 342 409 405; x_wconf 84' lang='lat' dir='ltr'>possum</span> <span class='ocrx_word' id='word_1_6' title='bbox 428 320 595 385; x_wconf 85' lang='lat' dir='ltr'>inlustrius</span> <span class='ocrx_word' id='word_1_7' title='bbox 614 318 731 408; x_wconf 87' lang='lat' dir='ltr'>dieere)</span> <span class='ocrx_word' id='word_1_8' title='bbox 750 324 858 385; x_wconf 84' lang='lat' dir='ltr'>tantae</span> <span class='ocrx_word' id='word_1_9' title='bbox 876 319 1014 384; x_wconf 89' lang='lat' dir='ltr'>feminae</span> <span class='ocrx_word' id='word_1_10' title='bbox 1033 322 1187 403; x_wconf 89' lang='lat' dir='ltr'>matrem,</span> 
     </span>
     <span class='ocr_line' id='line_1_3' title="bbox 163 408 1187 494; baseline -0.002 -20"><span class='ocrx_word' id='word_1_11' title='bbox 163 431 273 474; x_wconf 85' lang='lat' dir='ltr'>rursus</span> <span class='ocrx_word' id='word_1_12' title='bbox 294 410 405 474; x_wconf 83' lang='lat' dir='ltr'>videor</span> <span class='ocrx_word' id='word_1_13' title='bbox 427 410 582 492; x_wconf 90' lang='lat' dir='ltr'>amittere,</span> <span class='ocrx_word' id='word_1_14' title='bbox 606 432 702 494; x_wconf 88' lang='lat' dir='ltr'>quam</span> <span class='ocrx_word' id='word_1_15' title='bbox 725 409 812 494; x_wconf 84' lang='lat' dir='ltr'>haee,</span> <span class='ocrx_word' id='word_1_16' title='bbox 835 413 872 474; x_wconf 88' lang='lat' dir='ltr'>ut</span> <span class='ocrx_word' id='word_1_17' title='bbox 893 409 999 474; x_wconf 90' lang='lat' dir='ltr'>reddit</span> <span class='ocrx_word' id='word_1_18' title='bbox 1020 429 1059 472; x_wconf 88' lang='lat' dir='ltr'>ao</span> <span class='ocrx_word' id='word_1_19' title='bbox 1081 408 1187 472; x_wconf 84' lang='lat' dir='ltr'>refert</span> 
     </span>
     <span class='ocr_line' id='line_1_4' title="bbox 163 497 1187 582; baseline -0.001 -20"><span class='ocrx_word' id='word_1_20' title='bbox 163 499 271 581; x_wconf 89' lang='lat' dir='ltr'>nobis,</span> <span class='ocrx_word' id='word_1_21' title='bbox 303 500 349 562; x_wconf 88' lang='lat' dir='ltr'>sie</span> <span class='ocrx_word' id='word_1_22' title='bbox 380 498 503 563; x_wconf 88' lang='lat' dir='ltr'>auferet</span> <span class='ocrx_word' id='word_1_23' title='bbox 519 519 641 563; x_wconf 42' lang='lat' dir='ltr'>*seeum</span> <span class='ocrx_word' id='word_1_24' title='bbox 673 519 789 582; x_wconf 71' lang='lat' dir='ltr'>meque</span> <span class='ocrx_word' id='word_1_25' title='bbox 821 501 854 563; x_wconf 89' lang='lat' dir='ltr'>et</span> <span class='ocrx_word' id='word_1_26' title='bbox 879 519 964 562; x_wconf 87' lang='lat' dir='ltr'>novo</span> <span class='ocrx_word' id='word_1_27' title='bbox 996 497 1119 582; x_wconf 89' lang='lat' dir='ltr'>pariter</span> <span class='ocrx_word' id='word_1_28' title='bbox 1152 502 1187 561; x_wconf 89' lang='lat' dir='ltr'>et</span> 
     </span>
    </p>

    <p class='ocr_par' dir='ltr' id='par_1_3' title="bbox 111 557 1225 1030">
     <span class='ocr_line' id='line_1_5' title="bbox 111 557 1185 671; baseline -0.007 -15"><span class='ocrx_word' id='word_1_29' title='bbox 111 606 144 656; x_wconf 91' lang='lat'>10</span> <span class='ocrx_word' id='word_1_30' title='bbox 163 583 297 654; x_wconf 80' lang='lat' dir='ltr'>rescisso</span> <span class='ocrx_word' id='word_1_31' title='bbox 327 588 459 652; x_wconf 82' lang='lat' dir='ltr'>vulnere</span> <span class='ocrx_word' id='word_1_32' title='bbox 487 587 623 652; x_wconf 80' lang='lat' dir='ltr'>adficiet.</span> <span class='ocrx_word' id='word_1_33' title='bbox 669 557 848 671; x_wconf 47' lang='lat' dir='ltr'>Utramque</span> <span class='ocrx_word' id='word_1_34' title='bbox 877 587 976 669; x_wconf 82' lang='lat' dir='ltr'>colui,</span> <span class='ocrx_word' id='word_1_35' title='bbox 1008 589 1185 669; x_wconf 82' lang='lat' dir='ltr'>utramque</span> 
     </span>
     <span class='ocr_line' id='line_1_6' title="bbox 163 674 1225 762; baseline 0.003 -22"><span class='ocrx_word' id='word_1_36' title='bbox 163 677 277 760; x_wconf 80' lang='lat' dir='ltr'>dilexi3</span> <span class='ocrx_word' id='word_1_37' title='bbox 312 680 419 740; x_wconf 85' lang='lat' dir='ltr'>utram</span> <span class='ocrx_word' id='word_1_38' title='bbox 450 677 569 762; x_wconf 85' lang='lat' dir='ltr'>magis,</span> <span class='ocrx_word' id='word_1_39' title='bbox 600 677 722 760; x_wconf 85' lang='lat' dir='ltr'>neseio,</span> <span class='ocrx_word' id='word_1_40' title='bbox 758 696 817 750; x_wconf 86' lang='lat' dir='ltr'>nee</span> <span class='ocrx_word' id='word_1_41' title='bbox 849 676 986 741; x_wconf 75' lang='lat' dir='ltr'><strong>discerni</strong></span> <span class='ocrx_word' id='word_1_42' title='bbox 1016 674 1185 740; x_wconf 84' lang='lat' dir='ltr'>volebant.</span> <span class='ocrx_word' id='word_1_43' title='bbox 1215 703 1225 743; x_wconf 77' lang='lat' dir='ltr'>e</span> 
     </span>
     <span class='ocr_line' id='line_1_7' title="bbox 162 763 1185 848; baseline -0.001 -20"><span class='ocrx_word' id='word_1_44' title='bbox 162 765 354 830; x_wconf 79' lang='lat' dir='ltr'><strong>Habuerunt</strong></span> <span class='ocrx_word' id='word_1_45' title='bbox 382 764 488 830; x_wconf 84' lang='lat' dir='ltr'>officia</span> <span class='ocrx_word' id='word_1_46' title='bbox 514 787 586 829; x_wconf 92' lang='lat' dir='ltr'>mea</span> <span class='ocrx_word' id='word_1_47' title='bbox 614 766 649 829; x_wconf 94' lang='lat' dir='ltr'>in</span> <span class='ocrx_word' id='word_1_48' title='bbox 672 765 821 840; x_wconf 72' lang='lat' dir='ltr'>secundis</span> <span class='ocrx_word' id='word_1_49' title='bbox 851 763 1046 848; x_wconf 75' lang='lat' dir='ltr'>,babuerimt</span> <span class='ocrx_word' id='word_1_50' title='bbox 1067 764 1103 828; x_wconf 93' lang='lat' dir='ltr'>in</span> <span class='ocrx_word' id='word_1_51' title='bbox 1126 763 1185 827; x_wconf 89' lang='lat' dir='ltr'>ad-</span> 
     </span>
     <span class='ocr_line' id='line_1_8' title="bbox 162 814 1185 940; baseline -0.002 -21"><span class='ocrx_word' id='word_1_52' title='bbox 162 855 270 920; x_wconf 84' lang='lat' dir='ltr'>versis.</span> <span class='ocrx_word' id='word_1_53' title='bbox 292 853 365 940; x_wconf 83' lang='lat' dir='ltr'>Ego</span> <span class='ocrx_word' id='word_1_54' title='bbox 381 854 535 918; x_wconf 79' lang='lat' dir='ltr'>solacium</span> <span class='ocrx_word' id='word_1_55' title='bbox 549 855 772 940; x_wconf 83' lang='lat' dir='ltr'>relegatamm,</span> <span class='ocrx_word' id='word_1_56' title='bbox 791 814 953 940; x_wconf 61' lang='lat' dir='ltr'>egbffiltor</span> <span class='ocrx_word' id='word_1_57' title='bbox 965 875 1185 936; x_wconf 80' lang='lat' dir='ltr'>reversorum3</span> 
     </span>
     <span class='ocr_line' id='line_1_9' title="bbox 162 942 1185 1030; baseline -0.003 -22"><span class='ocrx_word' id='word_1_58' title='bbox 162 965 228 1014; x_wconf 83' lang='lat' dir='ltr'>nen</span> <span class='ocrx_word' id='word_1_59' title='bbox 250 943 312 1007; x_wconf 86' lang='lat' dir='ltr'>feei</span> <span class='ocrx_word' id='word_1_60' title='bbox 334 947 443 1007; x_wconf 90' lang='lat' dir='ltr'>tamen</span> <span class='ocrx_word' id='word_1_61' title='bbox 465 944 555 1027; x_wconf 87' lang='lat' dir='ltr'>paria</span> <span class='ocrx_word' id='word_1_62' title='bbox 577 947 674 1026; x_wconf 89' lang='lat' dir='ltr'>atque</span> <span class='ocrx_word' id='word_1_63' title='bbox 697 965 735 1008; x_wconf 90' lang='lat' dir='ltr'>eo</span> <span class='ocrx_word' id='word_1_64' title='bbox 758 944 862 1030; x_wconf 87' lang='lat' dir='ltr'>magis</span> <span class='ocrx_word' id='word_1_65' title='bbox 885 943 969 1007; x_wconf 87' lang='lat' dir='ltr'>hano</span> <span class='ocrx_word' id='word_1_66' title='bbox 996 942 1092 1025; x_wconf 87' lang='lat' dir='ltr'>eupio</span> <span class='ocrx_word' id='word_1_67' title='bbox 1116 963 1185 1005; x_wconf 88' lang='lat' dir='ltr'>ser-</span> 
     </span>
    </p>

    <p class='ocr_par' dir='ltr' id='par_1_4' title="bbox 105 1029 1182 1118">
     <span class='ocr_line' id='line_1_10' title="bbox 105 1029 1182 1118; baseline -0.004 -20"><span class='ocrx_word' id='word_1_68' title='bbox 105 1033 239 1118; x_wconf 33' lang='lat' dir='ltr'>·n‘vari,</span> <span class='ocrx_word' id='word_1_69' title='bbox 261 1036 299 1096; x_wconf 89' lang='lat' dir='ltr'>ut</span> <span class='ocrx_word' id='word_1_70' title='bbox 320 1031 401 1096; x_wconf 92' lang='lat' dir='ltr'>mihi</span> <span class='ocrx_word' id='word_1_71' title='bbox 424 1032 568 1097; x_wconf 84' lang='lat' dir='ltr'>solvendi</span> <span class='ocrx_word' id='word_1_72' title='bbox 590 1035 738 1115; x_wconf 87' lang='lat' dir='ltr'>tempora</span> <span class='ocrx_word' id='word_1_73' title='bbox 760 1032 929 1117; x_wconf 84' lang='lat' dir='ltr'>supersint.</span> <span class='ocrx_word' id='word_1_74' title='bbox 960 1029 999 1096; x_wconf 87' lang='lat' dir='ltr'>In</span> <span class='ocrx_word' id='word_1_75' title='bbox 1016 1030 1067 1095; x_wconf 91' lang='lat' dir='ltr'>his</span> <span class='ocrx_word' id='word_1_76' title='bbox 1091 1052 1182 1096; x_wconf 86' lang='lat' dir='ltr'>eram</span> 
     </span>
    </p>

    <p class='ocr_par' dir='ltr' id='par_1_5' title="bbox 86 1119 1224 1205">
     <span class='ocr_line' id='line_1_11' title="bbox 86 1119 1224 1205; baseline -0.001 -18"><span class='ocrx_word' id='word_1_77' title='bbox 86 1119 105 1175; x_wconf 72' lang='lat' dir='ltr'>s‘</span> <span class='ocrx_word' id='word_1_78' title='bbox 162 1122 262 1204; x_wconf 86' lang='lat' dir='ltr'>euris,</span> <span class='ocrx_word' id='word_1_79' title='bbox 294 1143 368 1186; x_wconf 85' lang='lat' dir='ltr'>eum</span> <span class='ocrx_word' id='word_1_80' title='bbox 400 1121 570 1186; x_wconf 83' lang='lat' dir='ltr'>scriberem</span> <span class='ocrx_word' id='word_1_81' title='bbox 601 1122 642 1184; x_wconf 89' lang='lat' dir='ltr'>ad</span> <span class='ocrx_word' id='word_1_82' title='bbox 668 1126 717 1204; x_wconf 81' lang='lat' dir='ltr'>te3</span> <span class='ocrx_word' id='word_1_83' title='bbox 750 1143 829 1205; x_wconf 89' lang='lat' dir='ltr'>quas</span> <span class='ocrx_word' id='word_1_84' title='bbox 853 1123 880 1186; x_wconf 91' lang='lat' dir='ltr'>si</span> <span class='ocrx_word' id='word_1_85' title='bbox 903 1122 980 1185; x_wconf 91' lang='lat' dir='ltr'>deus</span> <span class='ocrx_word' id='word_1_86' title='bbox 1003 1119 1121 1204; x_wconf 90' lang='lat' dir='ltr'>aliquis</span> <span class='ocrx_word' id='word_1_87' title='bbox 1146 1121 1183 1183; x_wconf 94' lang='lat' dir='ltr'>in</span> <span class='ocrx_word' id='word_1_88' title='bbox 1198 1148 1224 1188; x_wconf 83' lang='lat' dir='ltr'>ro</span> 
     </span>
    </p>

    <p class='ocr_par' dir='ltr' id='par_1_6' title="bbox 47 1208 1020 1336">
     <span class='ocr_line' id='line_1_12' title="bbox 47 1208 1020 1336; baseline -0.002 -60"><span class='ocrx_word' id='word_1_89' title='bbox 47 1231 71 1336; x_wconf 59' lang='lat' dir='ltr'><em>s</em></span> <span class='ocrx_word' id='word_1_90' title='bbox 162 1211 315 1298; x_wconf 88' lang='lat' dir='ltr'>gaudium</span> <span class='ocrx_word' id='word_1_91' title='bbox 338 1210 478 1293; x_wconf 84' lang='lat' dir='ltr'>verterit,</span> <span class='ocrx_word' id='word_1_92' title='bbox 501 1210 540 1276; x_wconf 91' lang='lat' dir='ltr'>de</span> <span class='ocrx_word' id='word_1_93' title='bbox 562 1215 652 1276; x_wconf 91' lang='lat' dir='ltr'>metu</span> <span class='ocrx_word' id='word_1_94' title='bbox 674 1232 740 1276; x_wconf 93' lang='lat' dir='ltr'>non</span> <span class='ocrx_word' id='word_1_95' title='bbox 764 1232 885 1295; x_wconf 89' lang='lat' dir='ltr'>querar.</span> <span class='ocrx_word' id='word_1_96' title='bbox 931 1208 1020 1274; x_wconf 82' lang='lat' dir='ltr'>Vale.</span> 
     </span>
    </p>
   </div>
   <div class='ocr_carea' id='block_1_3' title="bbox 11 1291 701 1558">
    <p class='ocr_par' dir='ltr' id='par_1_7' title="bbox 11 1291 701 1558">
     <span class='ocr_line' id='line_1_13' title="bbox 11 1291 701 1558; baseline -0.017 0"><span class='ocrx_word' id='word_1_97' title='bbox 11 1291 520 1558; x_wconf 41' lang='lat' dir='ltr'>,gnatae</span> <span class='ocrx_word' id='word_1_98' title='bbox 639 1375 701 1434; x_wconf 57' lang='lat' dir='ltr'>XX·</span> 
     </span>
    </p>
   </div>
   <div class='ocr_carea' id='block_1_4' title="bbox 429 1443 913 1524">
    <p class='ocr_par' dir='ltr' id='par_1_8' title="bbox 429 1443 913 1524">
     <span class='ocr_line' id='line_1_14' title="bbox 429 1443 913 1524; baseline 0 -2"><span class='ocrx_word' id='word_1_99' title='bbox 429 1475 457 1522; x_wconf 90' lang='lat' dir='ltr'>o.</span> <span class='ocrx_word' id='word_1_100' title='bbox 480 1443 620 1523; x_wconf 67' lang='lat' dir='ltr'>deutrus</span> <span class='ocrx_word' id='word_1_101' title='bbox 646 1475 773 1524; x_wconf 77' lang='lat' dir='ltr'>rnorro</span> <span class='ocrx_word' id='word_1_102' title='bbox 798 1475 863 1524; x_wconf 86' lang='lat' dir='ltr'>suo</span> <span class='ocrx_word' id='word_1_103' title='bbox 888 1475 913 1524; x_wconf 89' lang='lat' dir='ltr'>s.</span> 
     </span>
    </p>
   </div>
   <div class='ocr_carea' id='block_1_5' title="bbox 21 1563 1229 3427">
    <p class='ocr_par' dir='ltr' id='par_1_9' title="bbox 21 1563 1222 1916">
     <span class='ocr_line' id='line_1_15' title="bbox 21 1563 1182 1651; baseline -0.003 -20"><span class='ocrx_word' id='word_1_104' title='bbox 21 1564 29 1589; x_wconf 45' lang='lat' dir='ltr'>l</span> <span class='ocrx_word' id='word_1_105' title='bbox 127 1584 141 1631; x_wconf 92' lang='lat'><strong>1</strong></span> <span class='ocrx_word' id='word_1_106' title='bbox 228 1563 362 1628; x_wconf 84' lang='lat' dir='ltr'>Librum</span> <span class='ocrx_word' id='word_1_107' title='bbox 389 1568 482 1628; x_wconf 91' lang='lat' dir='ltr'>tuum</span> <span class='ocrx_word' id='word_1_108' title='bbox 511 1565 577 1651; x_wconf 88' lang='lat' dir='ltr'>legi</span> <span class='ocrx_word' id='word_1_109' title='bbox 604 1569 650 1648; x_wconf 88' lang='lat' dir='ltr'>et,</span> <span class='ocrx_word' id='word_1_110' title='bbox 682 1586 777 1648; x_wconf 90' lang='lat' dir='ltr'>quam</span> <span class='ocrx_word' id='word_1_111' title='bbox 809 1565 1053 1651; x_wconf 73' lang='lat' dir='ltr'>diligentissime</span> <span class='ocrx_word' id='word_1_112' title='bbox 1075 1565 1182 1648; x_wconf 86' lang='lat' dir='ltr'>potui,</span> 
     </span>
     <span class='ocr_line' id='line_1_16' title="bbox 161 1653 1222 1737; baseline 0.005 -21"><span class='ocrx_word' id='word_1_113' title='bbox 161 1653 323 1735; x_wconf 79' lang='lat' dir='ltr'>adnotavi,</span> <span class='ocrx_word' id='word_1_114' title='bbox 347 1674 430 1736; x_wconf 89' lang='lat' dir='ltr'>quae</span> <span class='ocrx_word' id='word_1_115' title='bbox 453 1655 688 1737; x_wconf 80' lang='lat' dir='ltr'>commutanda,</span> <span class='ocrx_word' id='word_1_116' title='bbox 711 1676 793 1737; x_wconf 91' lang='lat' dir='ltr'>quae</span> <span class='ocrx_word' id='word_1_117' title='bbox 811 1654 979 1718; x_wconf 84' lang='lat' dir='ltr'>eximenda</span> <span class='ocrx_word' id='word_1_118' title='bbox 996 1653 1181 1718; x_wconf 88' lang='lat' dir='ltr'>arbitrarer.</span> <span class='ocrx_word' id='word_1_119' title='bbox 1198 1681 1222 1721; x_wconf 78' lang='lat' dir='ltr'>rs</span> 
     </span>
     <span class='ocr_line' id='line_1_17' title="bbox 161 1739 1180 1827; baseline 0.002 -23"><span class='ocrx_word' id='word_1_120' title='bbox 161 1739 247 1805; x_wconf 87' lang='lat' dir='ltr'>Nam</span> <span class='ocrx_word' id='word_1_121' title='bbox 266 1746 298 1805; x_wconf 93' lang='lat' dir='ltr'>et</span> <span class='ocrx_word' id='word_1_122' title='bbox 316 1762 376 1827; x_wconf 87' lang='lat' dir='ltr'>ego</span> <span class='ocrx_word' id='word_1_123' title='bbox 396 1764 507 1806; x_wconf 84' lang='lat' dir='ltr'>verum</span> <span class='ocrx_word' id='word_1_124' title='bbox 527 1742 632 1808; x_wconf 89' lang='lat' dir='ltr'>dieere</span> <span class='ocrx_word' id='word_1_125' title='bbox 648 1743 779 1807; x_wconf 79' lang='lat' dir='ltr'>adsuevi</span> <span class='ocrx_word' id='word_1_126' title='bbox 798 1747 831 1808; x_wconf 94' lang='lat' dir='ltr'>et</span> <span class='ocrx_word' id='word_1_127' title='bbox 848 1748 885 1808; x_wconf 91' lang='lat' dir='ltr'>tu</span> <span class='ocrx_word' id='word_1_128' title='bbox 903 1743 1041 1808; x_wconf 90' lang='lat' dir='ltr'>libenter</span> <span class='ocrx_word' id='word_1_129' title='bbox 1058 1743 1180 1807; x_wconf 88' lang='lat' dir='ltr'>audire.</span> 
     </span>
     <span class='ocr_line' id='line_1_18' title="bbox 161 1827 1181 1916; baseline 0.002 -23"><span class='ocrx_word' id='word_1_130' title='bbox 161 1827 275 1913; x_wconf 88' lang='lat' dir='ltr'>Neque</span> <span class='ocrx_word' id='word_1_131' title='bbox 298 1831 383 1894; x_wconf 89' lang='lat' dir='ltr'>enim</span> <span class='ocrx_word' id='word_1_132' title='bbox 406 1831 466 1894; x_wconf 92' lang='lat' dir='ltr'>ulli</span> <span class='ocrx_word' id='word_1_133' title='bbox 488 1831 662 1914; x_wconf 87' lang='lat' dir='ltr'>patientius</span> <span class='ocrx_word' id='word_1_134' title='bbox 684 1833 973 1916; x_wconf 88' lang='lat' dir='ltr'>reprehenduntur,</span> <span class='ocrx_word' id='word_1_135' title='bbox 1000 1853 1096 1914; x_wconf 92' lang='lat' dir='ltr'>quam</span> <span class='ocrx_word' id='word_1_136' title='bbox 1121 1833 1181 1916; x_wconf 86' lang='lat' dir='ltr'>qui</span> 
     </span>
    </p>

    <p class='ocr_par' dir='ltr' id='par_1_10' title="bbox 123 1919 1229 3427">
     <span class='ocr_line' id='line_1_19' title="bbox 126 1919 1180 1987; baseline 0 -3"><span class='ocrx_word' id='word_1_137' title='bbox 126 1919 301 1984; x_wconf 77' lang='lat' dir='ltr'>amaxime</span> <span class='ocrx_word' id='word_1_138' title='bbox 330 1919 454 1984; x_wconf 86' lang='lat' dir='ltr'>laudari</span> <span class='ocrx_word' id='word_1_139' title='bbox 481 1925 651 1985; x_wconf 86' lang='lat' dir='ltr'>merentur.</span> <span class='ocrx_word' id='word_1_140' title='bbox 696 1919 793 1987; x_wconf 86' lang='lat' dir='ltr'>Nune</span> <span class='ocrx_word' id='word_1_141' title='bbox 820 1943 839 1984; x_wconf 94' lang='lat' dir='ltr'>a</span> <span class='ocrx_word' id='word_1_142' title='bbox 866 1924 899 1986; x_wconf 89' lang='lat' dir='ltr'>te</span> <span class='ocrx_word' id='word_1_143' title='bbox 925 1921 1044 1986; x_wconf 86' lang='lat' dir='ltr'>librum</span> <span class='ocrx_word' id='word_1_144' title='bbox 1068 1943 1180 1984; x_wconf 91' lang='lat' dir='ltr'>meum</span> 
     </span>
     <span class='ocr_line' id='line_1_20' title="bbox 161 2008 1179 2093; baseline 0 -20"><span class='ocrx_word' id='word_1_145' title='bbox 161 2029 235 2073; x_wconf 84' lang='lat' dir='ltr'>oum</span> <span class='ocrx_word' id='word_1_146' title='bbox 258 2008 519 2074; x_wconf 74' lang='lat' dir='ltr'>adnotationibus</span> <span class='ocrx_word' id='word_1_147' title='bbox 542 2010 607 2074; x_wconf 85' lang='lat' dir='ltr'>tuis</span> <span class='ocrx_word' id='word_1_148' title='bbox 631 2014 772 2093; x_wconf 82' lang='lat' dir='ltr'>expecto.</span> <span class='ocrx_word' id='word_1_149' title='bbox 819 2008 1033 2093; x_wconf 87' lang='lat' dir='ltr'>Oiuoundas,</span> <span class='ocrx_word' id='word_1_150' title='bbox 1061 2030 1080 2072; x_wconf 92' lang='grc' dir='ltr'>ο</span> <span class='ocrx_word' id='word_1_151' title='bbox 1105 2010 1179 2092; x_wconf 89' lang='lat' dir='ltr'>pul-</span> 
     </span>
     <span class='ocr_line' id='line_1_21' title="bbox 161 2096 1221 2183; baseline 0.004 -21"><span class='ocrx_word' id='word_1_152' title='bbox 161 2098 253 2162; x_wconf 85' lang='lat' dir='ltr'>ohras</span> <span class='ocrx_word' id='word_1_153' title='bbox 275 2096 375 2162; x_wconf 84' lang='lat' dir='ltr'>vioes!</span> <span class='ocrx_word' id='word_1_154' title='bbox 403 2120 500 2181; x_wconf 92' lang='lat' dir='ltr'>quam</span> <span class='ocrx_word' id='word_1_155' title='bbox 528 2120 579 2163; x_wconf 93' lang='lat' dir='ltr'>me</span> <span class='ocrx_word' id='word_1_156' title='bbox 605 2099 756 2182; x_wconf 83' lang='lat' dir='ltr'>delectat,</span> <span class='ocrx_word' id='word_1_157' title='bbox 779 2100 879 2183; x_wconf 90' lang='lat' dir='ltr'>quod,</span> <span class='ocrx_word' id='word_1_158' title='bbox 903 2100 929 2163; x_wconf 87' lang='lat' dir='ltr'>si</span> <span class='ocrx_word' id='word_1_159' title='bbox 953 2120 1016 2182; x_wconf 86' lang='lat' dir='ltr'>qua</span> <span class='ocrx_word' id='word_1_160' title='bbox 1038 2099 1179 2181; x_wconf 86' lang='lat' dir='ltr'>posteris</span> <span class='ocrx_word' id='word_1_161' title='bbox 1195 2127 1221 2166; x_wconf 79' lang='lat' dir='ltr'>ao</span> 
     </span>
     <span class='ocr_line' id='line_1_22' title="bbox 161 2186 1177 2271; baseline 0.001 -21"><span class='ocrx_word' id='word_1_162' title='bbox 161 2208 236 2251; x_wconf 88' lang='lat' dir='ltr'>eura</span> <span class='ocrx_word' id='word_1_163' title='bbox 262 2187 381 2269; x_wconf 86' lang='lat' dir='ltr'>nostn&#39;,</span> <span class='ocrx_word' id='word_1_164' title='bbox 413 2208 641 2271; x_wconf 84' lang='lat' dir='ltr'>usquequaque</span> <span class='ocrx_word' id='word_1_165' title='bbox 675 2188 870 2271; x_wconf 89' lang='lat' dir='ltr'>narrabitur,</span> <span class='ocrx_word' id='word_1_166' title='bbox 901 2209 965 2271; x_wconf 91' lang='lat' dir='ltr'>qua</span> <span class='ocrx_word' id='word_1_167' title='bbox 996 2186 1177 2269; x_wconf 80' lang='lat' dir='ltr'>eoncordia,</span> 
     </span>
     <span class='ocr_line' id='line_1_23' title="bbox 124 2275 1176 2361; baseline -0.001 -22"><span class='ocrx_word' id='word_1_168' title='bbox 124 2292 141 2339; x_wconf 86' lang='lat'><strong>3</strong></span> <span class='ocrx_word' id='word_1_169' title='bbox 161 2275 376 2358; x_wconf 82' lang='lat' dir='ltr'>simplicitate,</span> <span class='ocrx_word' id='word_1_170' title='bbox 394 2275 456 2340; x_wconf 91' lang='lat' dir='ltr'>fide</span> <span class='ocrx_word' id='word_1_171' title='bbox 474 2275 664 2340; x_wconf 82' lang='lat' dir='ltr'>vixerimus!</span> <span class='ocrx_word' id='word_1_172' title='bbox 687 2276 761 2341; x_wconf 82' lang='lat' dir='ltr'>llrit</span> <span class='ocrx_word' id='word_1_173' title='bbox 777 2299 885 2341; x_wconf 86' lang='lat' dir='ltr'>rarum</span> <span class='ocrx_word' id='word_1_174' title='bbox 904 2280 937 2342; x_wconf 91' lang='lat' dir='ltr'>et</span> <span class='ocrx_word' id='word_1_175' title='bbox 954 2276 1080 2361; x_wconf 82' lang='lat' dir='ltr'>insigne</span> <span class='ocrx_word' id='word_1_176' title='bbox 1094 2275 1176 2339; x_wconf 86' lang='lat' dir='ltr'>duos</span> 
     </span>
     <span class='ocr_line' id='line_1_24' title="bbox 159 2362 1176 2450; baseline 0.001 -23"><span class='ocrx_word' id='word_1_177' title='bbox 159 2362 306 2428; x_wconf 89' lang='lat' dir='ltr'>homines</span> <span class='ocrx_word' id='word_1_178' title='bbox 329 2367 446 2447; x_wconf 87' lang='lat' dir='ltr'>aetate,</span> <span class='ocrx_word' id='word_1_179' title='bbox 476 2365 632 2450; x_wconf 81' lang='lat' dir='ltr'>dignitate</span> <span class='ocrx_word' id='word_1_180' title='bbox 662 2367 895 2450; x_wconf 87' lang='lat' dir='ltr'>propemodum</span> <span class='ocrx_word' id='word_1_181' title='bbox 917 2363 1079 2448; x_wconf 85' lang='lat' dir='ltr'>aequales,</span> <span class='ocrx_word' id='word_1_182' title='bbox 1107 2385 1176 2428; x_wconf 92' lang='lat' dir='ltr'>non</span> 
     </span>
     <span class='ocr_line' id='line_1_25' title="bbox 159 2451 1175 2540; baseline 0.001 -23"><span class='ocrx_word' id='word_1_183' title='bbox 159 2452 279 2518; x_wconf 82' lang='lat' dir='ltr'>nullius</span> <span class='ocrx_word' id='word_1_184' title='bbox 302 2453 336 2517; x_wconf 91' lang='lat' dir='ltr'>in</span> <span class='ocrx_word' id='word_1_185' title='bbox 358 2453 475 2518; x_wconf 85' lang='lat' dir='ltr'>litteris</span> <span class='ocrx_word' id='word_1_186' title='bbox 502 2454 642 2518; x_wconf 89' lang='lat' dir='ltr'>nominis</span> <span class='ocrx_word' id='word_1_187' title='bbox 673 2451 786 2540; x_wconf 80' lang='lat' dir='ltr'>(cogor</span> <span class='ocrx_word' id='word_1_188' title='bbox 808 2455 894 2519; x_wconf 91' lang='lat' dir='ltr'>enim</span> <span class='ocrx_word' id='word_1_189' title='bbox 921 2454 961 2518; x_wconf 89' lang='lat' dir='ltr'>de</span> <span class='ocrx_word' id='word_1_190' title='bbox 989 2458 1022 2518; x_wconf 88' lang='lat' dir='ltr'>te</span> <span class='ocrx_word' id='word_1_191' title='bbox 1045 2474 1175 2536; x_wconf 91' lang='lat' dir='ltr'>quoque</span> 
     </span>
     <span class='ocr_line' id='line_1_26' title="bbox 159 2542 1215 2631; baseline 0.004 -25"><span class='ocrx_word' id='word_1_192' title='bbox 159 2543 285 2625; x_wconf 83' lang='lat' dir='ltr'>parcius</span> <span class='ocrx_word' id='word_1_193' title='bbox 300 2542 413 2627; x_wconf 78' lang='lat' dir='ltr'>dicere,</span> <span class='ocrx_word' id='word_1_194' title='bbox 436 2543 511 2626; x_wconf 91' lang='lat' dir='ltr'>quia</span> <span class='ocrx_word' id='word_1_195' title='bbox 530 2543 568 2607; x_wconf 90' lang='lat' dir='ltr'>de</span> <span class='ocrx_word' id='word_1_196' title='bbox 587 2565 638 2608; x_wconf 91' lang='lat' dir='ltr'>me</span> <span class='ocrx_word' id='word_1_197' title='bbox 653 2544 750 2608; x_wconf 90' lang='lat' dir='ltr'>simul</span> <span class='ocrx_word' id='word_1_198' title='bbox 769 2542 865 2631; x_wconf 81' lang='lat' dir='ltr'>dieo),</span> <span class='ocrx_word' id='word_1_199' title='bbox 887 2544 1023 2608; x_wconf 84' lang='lat' dir='ltr'>alterum</span> <span class='ocrx_word' id='word_1_200' title='bbox 1041 2543 1174 2606; x_wconf 87' lang='lat' dir='ltr'>alterius</span> <span class='ocrx_word' id='word_1_201' title='bbox 1189 2570 1215 2609; x_wconf 80' lang='lat' dir='ltr'>rs</span> 
     </span>
     <span class='ocr_line' id='line_1_27' title="bbox 123 2630 1174 2716; baseline -0.002 -20"><span class='ocrx_word' id='word_1_202' title='bbox 123 2630 265 2696; x_wconf 68' lang='lat' dir='ltr'>estudia</span> <span class='ocrx_word' id='word_1_203' title='bbox 286 2631 413 2696; x_wconf 84' lang='lat' dir='ltr'>fovisse.</span> <span class='ocrx_word' id='word_1_204' title='bbox 458 2631 617 2715; x_wconf 81' lang='lat' dir='ltr'>Equidem</span> <span class='ocrx_word' id='word_1_205' title='bbox 640 2633 913 2716; x_wconf 77' lang='lat' dir='ltr'>adulescentulus,</span> <span class='ocrx_word' id='word_1_206' title='bbox 944 2653 1017 2697; x_wconf 87' lang='lat' dir='ltr'>oum</span> <span class='ocrx_word' id='word_1_207' title='bbox 1044 2631 1109 2694; x_wconf 90' lang='lat' dir='ltr'>iam</span> <span class='ocrx_word' id='word_1_208' title='bbox 1135 2636 1174 2695; x_wconf 88' lang='lat' dir='ltr'>tu</span> 
     </span>
     <span class='ocr_line' id='line_1_28' title="bbox 159 2719 1175 2807; baseline 0 -23"><span class='ocrx_word' id='word_1_209' title='bbox 159 2721 246 2785; x_wconf 87' lang='lat' dir='ltr'>fama</span> <span class='ocrx_word' id='word_1_210' title='bbox 278 2721 444 2806; x_wconf 85' lang='lat' dir='ltr'>gloriaque</span> <span class='ocrx_word' id='word_1_211' title='bbox 474 2726 614 2804; x_wconf 87' lang='lat' dir='ltr'>floreres,</span> <span class='ocrx_word' id='word_1_212' title='bbox 646 2727 680 2787; x_wconf 90' lang='lat' dir='ltr'>te</span> <span class='ocrx_word' id='word_1_213' title='bbox 711 2723 814 2807; x_wconf 87' lang='lat' dir='ltr'>sequi,</span> <span class='ocrx_word' id='word_1_214' title='bbox 850 2720 911 2786; x_wconf 88' lang='lat' dir='ltr'>tibi</span> <span class='ocrx_word' id='word_1_215' title='bbox 948 2720 1076 2806; x_wconf 73' lang='lat' dir='ltr'>‘longo</span> <span class='ocrx_word' id='word_1_216' title='bbox 1109 2719 1175 2784; x_wconf 87' lang='lat' dir='ltr'>sed</span> 
     </span>
     <span class='ocr_line' id='line_1_29' title="bbox 159 2809 1174 2893; baseline -0.002 -19"><span class='ocrx_word' id='word_1_217' title='bbox 159 2810 363 2893; x_wconf 88' lang='lat' dir='ltr'>proximus</span> <span class='ocrx_word' id='word_1_218' title='bbox 395 2810 615 2875; x_wconf 79' lang='lat' dir='ltr'>intervallo&#39;</span> <span class='ocrx_word' id='word_1_219' title='bbox 653 2815 686 2876; x_wconf 87' lang='lat' dir='ltr'>et</span> <span class='ocrx_word' id='word_1_220' title='bbox 717 2833 786 2874; x_wconf 84' lang='lat' dir='ltr'>esse</span> <span class='ocrx_word' id='word_1_221' title='bbox 817 2814 850 2874; x_wconf 90' lang='lat' dir='ltr'>et</span> <span class='ocrx_word' id='word_1_222' title='bbox 881 2809 993 2874; x_wconf 84' lang='lat' dir='ltr'>haberi</span> <span class='ocrx_word' id='word_1_223' title='bbox 1024 2810 1174 2892; x_wconf 80' lang='lat' dir='ltr'>eoncupi-</span> 
     </span>
     <span class='ocr_line' id='line_1_30' title="bbox 160 2897 1173 2984; baseline -0.001 -21"><span class='ocrx_word' id='word_1_224' title='bbox 160 2898 295 2963; x_wconf 87' lang='lat' dir='ltr'>seebam.</span> <span class='ocrx_word' id='word_1_225' title='bbox 325 2897 370 2962; x_wconf 81' lang='lat' dir='ltr'>llt</span> <span class='ocrx_word' id='word_1_226' title='bbox 388 2902 479 2962; x_wconf 87' lang='lat' dir='ltr'>erant</span> <span class='ocrx_word' id='word_1_227' title='bbox 497 2899 599 2963; x_wconf 89' lang='lat' dir='ltr'>multa</span> <span class='ocrx_word' id='word_1_228' title='bbox 613 2900 789 2964; x_wconf 78' lang='lat' dir='ltr'>clarissima</span> <span class='ocrx_word' id='word_1_229' title='bbox 803 2899 945 2984; x_wconf 81' lang='lat' dir='ltr'>ingenia3</span> <span class='ocrx_word' id='word_1_230' title='bbox 964 2897 1019 2962; x_wconf 88' lang='lat' dir='ltr'>sed</span> <span class='ocrx_word' id='word_1_231' title='bbox 1037 2902 1074 2963; x_wconf 89' lang='lat' dir='ltr'>tu</span> <span class='ocrx_word' id='word_1_232' title='bbox 1092 2897 1173 2962; x_wconf 87' lang='lat' dir='ltr'>mihi</span> 
     </span>
     <span class='ocr_line' id='line_1_31' title="bbox 161 2983 1213 3074; baseline 0.006 -24"><span class='ocrx_word' id='word_1_233' title='bbox 161 2983 220 3071; x_wconf 87' lang='lat' dir='ltr'>(ita</span> <span class='ocrx_word' id='word_1_234' title='bbox 256 2986 433 3050; x_wconf 91' lang='lat' dir='ltr'>similitudo</span> <span class='ocrx_word' id='word_1_235' title='bbox 469 2990 601 3051; x_wconf 85' lang='lat' dir='ltr'>naturae</span> <span class='ocrx_word' id='word_1_236' title='bbox 641 2985 777 3074; x_wconf 88' lang='lat' dir='ltr'>ferebat)</span> <span class='ocrx_word' id='word_1_237' title='bbox 819 2989 957 3051; x_wconf 87' lang='lat' dir='ltr'>maxime</span> <span class='ocrx_word' id='word_1_238' title='bbox 998 2986 1174 3072; x_wconf 79' lang='lat' dir='ltr'>imitabilis,</span> <span class='ocrx_word' id='word_1_239' title='bbox 1187 3017 1213 3056; x_wconf 83' lang='lat' dir='ltr'>ro</span> 
     </span>
     <span class='ocr_line' id='line_1_32' title="bbox 125 3074 1229 3163; baseline 0.002 -25"><span class='ocrx_word' id='word_1_240' title='bbox 125 3089 140 3138; x_wconf 83' lang='lat'><strong>5</strong></span> <span class='ocrx_word' id='word_1_241' title='bbox 159 3075 298 3138; x_wconf 84' lang='lat' dir='ltr'>maxime</span> <span class='ocrx_word' id='word_1_242' title='bbox 321 3074 494 3140; x_wconf 88' lang='lat' dir='ltr'>imitandus</span> <span class='ocrx_word' id='word_1_243' title='bbox 512 3075 680 3142; x_wconf 86' lang='lat' dir='ltr'>videbaris.</span> <span class='ocrx_word' id='word_1_244' title='bbox 714 3075 784 3152; x_wconf 77' lang='lat' dir='ltr'>Quo</span> <span class='ocrx_word' id='word_1_245' title='bbox 803 3077 907 3163; x_wconf 86' lang='lat' dir='ltr'>magis</span> <span class='ocrx_word' id='word_1_246' title='bbox 926 3075 1059 3162; x_wconf 87' lang='lat' dir='ltr'>gaudeo,</span> <span class='ocrx_word' id='word_1_247' title='bbox 1077 3075 1172 3160; x_wconf 90' lang='lat' dir='ltr'>quod,</span> <span class='ocrx_word' id='word_1_248' title='bbox 1228 3131 1229 3161; x_wconf 68' lang='lat'>,</span> 
     </span>
     <span class='ocr_line' id='line_1_33' title="bbox 161 3162 1171 3249; baseline 0.005 -24"><span class='ocrx_word' id='word_1_249' title='bbox 161 3162 188 3226; x_wconf 90' lang='lat' dir='ltr'>si</span> <span class='ocrx_word' id='word_1_250' title='bbox 211 3164 282 3245; x_wconf 91' lang='lat' dir='ltr'>quis</span> <span class='ocrx_word' id='word_1_251' title='bbox 306 3163 345 3228; x_wconf 93' lang='lat' dir='ltr'>de</span> <span class='ocrx_word' id='word_1_252' title='bbox 369 3163 483 3228; x_wconf 86' lang='lat' dir='ltr'>studiis</span> <span class='ocrx_word' id='word_1_253' title='bbox 505 3186 623 3249; x_wconf 90' lang='lat' dir='ltr'>sermo,</span> <span class='ocrx_word' id='word_1_254' title='bbox 645 3187 710 3230; x_wconf 88' lang='lat' dir='ltr'>una</span> <span class='ocrx_word' id='word_1_255' title='bbox 731 3167 945 3248; x_wconf 90' lang='lat' dir='ltr'>nominamur,</span> <span class='ocrx_word' id='word_1_256' title='bbox 968 3165 1055 3248; x_wconf 91' lang='lat' dir='ltr'>quod</span> <span class='ocrx_word' id='word_1_257' title='bbox 1078 3165 1117 3230; x_wconf 92' lang='lat' dir='ltr'>de</span> <span class='ocrx_word' id='word_1_258' title='bbox 1137 3169 1171 3230; x_wconf 89' lang='lat' dir='ltr'>te</span> 
     </span>
     <span class='ocr_line' id='line_1_34' title="bbox 126 3249 1172 3338; baseline 0.004 -24"><span class='ocrx_word' id='word_1_259' title='bbox 126 3249 366 3332; x_wconf 76' lang='lat' dir='ltr'>eloquentibus</span> <span class='ocrx_word' id='word_1_260' title='bbox 390 3254 499 3318; x_wconf 90' lang='lat' dir='ltr'>statim</span> <span class='ocrx_word' id='word_1_261' title='bbox 523 3275 664 3319; x_wconf 80' lang='lat' dir='ltr'>occurro.</span> <span class='ocrx_word' id='word_1_262' title='bbox 709 3251 779 3319; x_wconf 87' lang='lat' dir='ltr'>Neo</span> <span class='ocrx_word' id='word_1_263' title='bbox 806 3253 934 3337; x_wconf 90' lang='lat' dir='ltr'>desunt,</span> <span class='ocrx_word' id='word_1_264' title='bbox 961 3254 1017 3338; x_wconf 93' lang='lat' dir='ltr'>qui</span> <span class='ocrx_word' id='word_1_265' title='bbox 1044 3254 1172 3336; x_wconf 85' lang='lat' dir='ltr'>utrique</span> 
     </span>
     <span class='ocr_line' id='line_1_35' title="bbox 159 3341 1170 3427; baseline 0.007 -26"><span class='ocrx_word' id='word_1_266' title='bbox 159 3342 306 3402; x_wconf 86' lang='lat' dir='ltr'>nostrum</span> <span class='ocrx_word' id='word_1_267' title='bbox 328 3341 554 3422; x_wconf 84' lang='lat' dir='ltr'>praeferantur.</span> <span class='ocrx_word' id='word_1_268' title='bbox 592 3341 654 3406; x_wconf 85' lang='lat' dir='ltr'>Sed</span> <span class='ocrx_word' id='word_1_269' title='bbox 677 3363 745 3424; x_wconf 93' lang='lat' dir='ltr'>nos,</span> <span class='ocrx_word' id='word_1_270' title='bbox 767 3343 849 3408; x_wconf 90' lang='lat' dir='ltr'>nihil</span> <span class='ocrx_word' id='word_1_271' title='bbox 867 3344 1000 3408; x_wconf 88' lang='lat' dir='ltr'>interest</span> <span class='ocrx_word' id='word_1_272' title='bbox 1017 3363 1089 3408; x_wconf 85' lang='lat' dir='ltr'>mee</span> <span class='ocrx_word' id='word_1_273' title='bbox 1106 3365 1170 3427; x_wconf 92' lang='lat' dir='ltr'>quo</span> 
     </span>
    </p>
   </div>
   <div class='ocr_carea' id='block_1_6' title="bbox 232 3530 529 3601">
    <p class='ocr_par' dir='ltr' id='par_1_11' title="bbox 232 3530 529 3601">
     <span class='ocr_line' id='line_1_36' title="bbox 232 3530 529 3601; baseline 0.02 -19"><span class='ocrx_word' id='word_1_274' title='bbox 232 3534 265 3582; x_wconf 80' lang='lat'>2‘1</span> <span class='ocrx_word' id='word_1_275' title='bbox 291 3530 367 3601; x_wconf 69' lang='lat' dir='ltr'>Vero.</span> <span class='ocrx_word' id='word_1_276' title='bbox 386 3533 421 3585; x_wconf 83' lang='lat' dir='ltr'>A.</span> <span class='ocrx_word' id='word_1_277' title='bbox 437 3535 529 3588; x_wconf 79' lang='lat' dir='ltr'><em>V320‚</em></span> 
     </span>
    </p>
   </div>
   <div class='ocr_carea' id='block_1_7' title="bbox 0 0 1246 3942">
    <p class='ocr_par' dir='ltr' id='par_1_12' title="bbox 0 0 1246 3942">
     <span class='ocr_line' id='line_1_37' title="bbox 0 0 1246 3942; baseline 0 2"><span class='ocrx_word' id='word_1_278' title='bbox 0 0 1246 3942; x_wconf 95' lang='lat' dir='ltr'> </span> 
     </span>
    </p>
   </div>
  </div>
 </body>
</html>
