2442 3940
176 145 218 209 12
609 143 637 199 C.
656 144 754 198 PLINI

176 307 288 373 Serme
312 312 361 373 est
385 308 534 392 copiosus
558 312 590 373 et
607 308 726 390 vanus,
754 307 856 372 dulcis
880 306 1059 390 inprimis,
1083 310 1117 370 et
1143 306 1201 388 qni

141 414 156 462 0
177 397 388 483 repugnantis
409 417 537 480 quoque
558 397 663 480 ducat,
685 397 829 480 inpeHat.
865 393 919 459 Ad
938 396 1001 460 hoc
1019 395 1200 479 proceritas

97 463 137 564 Γ
177 487 331 570 corporis,
363 487 478 550 decora
509 486 616 569 facies,
649 486 805 551 demissus
838 485 984 568 capillus,
1016 483 1131 569 ingens
1170 488 1201 548 et

105 568 107 576 ⁴
175 596 253 640 cana
275 575 388 658 barba;
412 597 494 658 quae
515 575 593 639 licet
614 574 750 639 fortuita
773 579 805 639 et
828 573 936 638 inania
958 577 1122 657 putentur,
1143 573 1196 637 illi

142 681 156 729 7
177 669 286 731 tamen
303 664 480 748 plurimum
499 663 714 728 venerationis
729 663 911 746 adquirunt.
942 661 1062 726 Nullus
1079 662 1204 726 horror

177 752 335 837 incultu,
357 752 447 817 nulla
470 753 611 835 tristitia,
638 751 778 817 multum
802 751 996 828 serenitatim
1022 751 1201 816 reverearis

177 862 366 924 occursum,
398 863 464 906 non
495 841 693 906 reformides.
745 841 841 906 Vitae
876 840 1029 905 sanctitas
1062 861 1202 921 summa,

178 930 313 995 comitas
332 953 405 1015 par3
427 931 604 995 insectatur
622 930 710 1013 vitia,
730 952 797 995 non
814 929 962 994 homines
981 949 1041 993 nec
1059 930 1201 1014 castigat

177 1024 328 1102 errantes,
352 1019 408 1084 sed
430 1019 587 1084 emendat.
625 1017 775 1102 Sequaris
799 1023 983 1082 monentem
1002 1021 1149 1082 attentus
1170 1023 1201 1082 et

177 1108 320 1192 pendens
344 1113 376 1173 ct
398 1108 583 1192 persuaderi
607 1107 677 1190 tibi,
700 1109 797 1173 etiam
822 1129 894 1170 cum
917 1107 1121 1190 persuaserit,
1148 1127 1201 1171 cu-

139 1198 253 1284 8pias.
295 1195 365 1262 Iam
396 1219 472 1262 vero
501 1197 596 1262 liberi
623 1200 699 1280 tres,
725 1197 789 1260 duo
817 1217 931 1278 mares,
955 1216 1035 1279 quos
1060 1194 1200 1280 diligen-

169 1287 302 1352 tissime
325 1287 476 1351 instituit.
513 1284 612 1351 Socer
634 1284 808 1370 Pompeius
826 1283 970 1349 Iulianus
994 1305 1067 1348 cum
1092 1288 1200 1348 cetera

178 1377 245 1440 vita
275 1380 344 1440 tum
377 1375 429 1439 vel
458 1375 521 1438 hoc
549 1397 615 1439 uno
645 1396 782 1460 magnus
812 1377 845 1437 et
873 1374 986 1456 clarus,
1013 1372 1100 1456 quod
1127 1373 1199 1456 ipse

42 1519 45 1526 ,
60 1470 76 1490 “’
87 1470 130 1544 „¹⁴
179 1463 364 1547 provinciae
379 1464 529 1547 princeps
542 1464 627 1528 inter
640 1463 813 1528 altissimas
826 1462 1029 1526 condiciones
1042 1482 1199 1547 generum

46 1543 158 1649 ᾧ»
180 1573 247 1616 non
270 1552 448 1616 honoribus
469 1553 657 1636 principem,
681 1552 737 1618 sed
756 1551 914 1635 sapientia
937 1551 1042 1636 elegit.
1080 1548 1200 1626 Quam·

17 1641 96 1750 ⁴&
165 1633 178 1656 '
203 1662 277 1704 uam
298 1641 376 1724 quid
397 1662 457 1726 ego
481 1639 574 1724 plura
593 1641 632 1705 de
651 1641 731 1723 vire,
750 1661 814 1723 quo
833 1639 913 1704 mihi
931 1640 996 1704 frui
1014 1659 1080 1703 non
1098 1639 1199 1704 licet?

64 1765 71 1774 ·
95 1740 111 1804 f
178 1747 227 1794 en·
242 1734 279 1794 ut
302 1730 406 1815 magis
429 1751 539 1816 angar,
562 1730 648 1813 quod
674 1751 742 1794 non
769 1729 866 1794 licet?
911 1727 996 1792 Nam
1020 1728 1208 1814 distringor

60 1757 138 1897 119ᾁ
180 1818 288 1882 officio
317 1823 354 1882 ut
380 1819 522 1883 maximo
551 1819 597 1883 sic
623 1818 867 1903 molestissim03
893 1818 987 1882 sedeo
1012 1838 1071 1900 pro
1097 1818 1200 1882 tribu-

115 1895 255 2000 stmffi,
278 1907 417 1992 suppeto
436 1907 574 1991 libellos,
593 1907 729 1972 conficio
749 1907 885 1989 tabulas,
907 1906 1012 1971 scribo
1031 1906 1209 1990 plurimas„

62 1992 160 2098 §³10
180 1996 236 2060 sed
254 1996 538 2061 inlitteratissimas
552 1996 684 2061 litteras.
717 1994 812 2060 Soleo
831 2017 897 2058 non
910 2017 1087 2077 numquam
1108 1993 1209 2078 (nami

37 2099 98 2205 ,4⁸-
179 2084 213 2147 id
232 2085 338 2167 ipsum
354 2085 482 2167 quando
502 2082 688 2171 contingitl)
705 2085 743 2148 de
761 2084 812 2148 his
831 2083 1096 2167 occupationibus
1110 2085 1209 2167 apudl

32 2164 82 2275 ιξῖ
179 2171 370 2256 Euphraten
387 2159 496 2256 queri.
533 2171 593 2237 llle
620 2196 672 2237 me
701 2172 898 2256 consolatur,
926 2171 1076 2244 adfirmat
1099 2174 1198 2237 etiam

13 2273 78 2356 g
182 2284 250 2326 esse
272 2259 357 2326 hanc
380 2261 606 2346 philosophiae
634 2261 819 2344 etquidem
848 2260 1098 2345 pulcherrimam
1127 2285 1198 2345 par-

25 2346 44 2439 ᾖ,
60 2351 112 2432 ,''·
179 2354 259 2432 tem,
287 2371 382 2435 agere
410 2351 577 2436 negotium
606 2348 786 2433 publicum,
814 2370 1020 2435 cognoscere,
1047 2350 1198 2432 iudicare,

13 2488 33 2524 .,
73 2465 99 2524 4
179 2460 327 2522 promere
356 2443 388 2504 et
416 2460 562 2504 exercere
590 2439 761 2522 iustitiam,
790 2461 934 2522 quaeque
961 2439 1024 2522 ipsi
1052 2438 1198 2522 doceant,

14 2516 52 2560 ⁹*
74 2528 96 2618 ζ
121 2543 152 2590 11
178 2529 212 2592 in
235 2550 296 2592 usu
319 2527 444 2592 habere.
481 2527 563 2592 Mihi
585 2531 694 2592 tamen
717 2528 780 2591 hcc
802 2550 902 2592 unum
925 2549 992 2592 non
1015 2530 1197 2611 persuadet,

78 2688 84 2698 ι
180 2617 280 2681 satius
300 2638 368 2680 esse
383 2618 445 2682 ista
458 2617 562 2680 facere
582 2638 678 2699 quam
694 2637 766 2680 cum
782 2616 839 2681 illo
854 2617 921 2680 dies
935 2620 1022 2681 totos
1037 2617 1196 2682 audiendo

180 2705 396 2789 discendoque
419 2726 615 2770 consumere.
652 2703 722 2782 Quo
746 2705 849 2790 magis
872 2706 1105 2788 tacuissent,
1124 2705 1197 2770 hor-

180 2798 241 2878 tor,
266 2815 339 2858 cum
362 2795 397 2858 in
420 2794 532 2858 urbem
555 2794 702 2878 proxime
724 2794 849 2858 veneris
876 2793 998 2879 (venias
1022 2798 1131 2859 autem
1157 2795 1196 2858 ob

180 2882 244 2945 hoc
266 2879 452 2968 maturius),
480 2883 529 2946 illi
556 2888 588 2947 te
612 2882 838 2966 expoliendum
862 2867 1103 2965 limandumque
1127 2906 1209 2967 per-1

125 2987 157 3036 12
181 2971 299 3036 mittas.
346 2970 461 3054 Neque
484 2972 570 3036 enim
594 2993 655 3056 ego
678 2975 715 3035 ut
738 2971 833 3035 multi
856 2972 983 3036 invideo
1007 2971 1078 3036 aliis
1099 2971 1195 3056 bone,

178 3081 242 3142 qno
266 3061 336 3144 ipse
364 3080 467 3144 careo,
495 3061 550 3126 sed
574 3064 686 3124 contra
715 3082 841 3124 sensum
867 3061 1026 3143 quendam
1049 3060 1195 3145 volupta-

173 3151 304 3231 temque
327 3149 485 3234 percipio,
509 3149 536 3213 si
559 3171 609 3233 ea,
633 3171 714 3232 quae
737 3149 818 3213 mihi
841 3149 1051 3236 denegantur,
1080 3151 1192 3214 amicis

172 3237 265 3301 video
290 3259 461 3320 superesse.
499 3236 590 3302 Vale.

172 3518 210 3572 ,b
233 3452 277 3571 2114
281 3445 448 3572 ί(0011111101.
469 3446 533 3500 K.I
547 3453 703 3502 connector
724 3463 808 3515 usqae
831 3449 869 3502 ad
883 3447 933 3502 IX
944 3451 989 3502 26.
1004 3453 1022 3502 8
1039 3465 1072 3503 ec
1087 3449 1124 3503 Μ
1129 3449 1192 3516 (V),

183 3535 218 3571 s.
311 3534 333 3572 c.
