2458 3940
161 131 227 194 324
595 129 623 184 O.
642 129 741 184 PLINI

51 359 52 362 ,
160 296 264 359 solum
287 317 388 380 vagus
412 295 475 376 ille,
499 315 571 357 cum
594 294 793 376 expanditur,
816 294 920 357 amnis
939 294 1024 357 intra
1042 317 1172 378 usurpa-

159 388 227 448 tam
260 405 385 466 saepem
419 383 550 447 collium
586 383 773 446 substiterat
805 385 902 465 atque
930 382 1087 465 haeserat,
1120 384 1172 446 sed

160 473 276 556 supino
300 474 396 536 etiam
421 494 457 536 ac
480 472 595 536 declivi
620 473 689 535 solo
712 493 778 535 non
801 471 928 555 placido
957 494 990 536 se
1018 471 1172 554 mollique

159 563 252 645 lapsu
275 561 422 647 refugum
446 561 621 624 abstulerat
644 560 779 624 necdum
804 561 881 624 satis
904 565 1050 624 umentes
1073 565 1172 624 terras
1214 619 1215 624 ,

125 668 140 714 5
160 650 323 714 addiderat
343 650 514 714 arentibus.
539 647 643 734 igitur
661 649 880 733 inundatione,
900 650 933 712 id
952 653 1000 714 est
1017 649 1172 732 ubertate,
1194 673 1215 748 sy

159 739 248 824 regio
277 739 422 803 fraudata
451 740 497 802 sic
526 760 619 822 opem
651 737 794 802 Caesaris
823 739 995 821 invocavit,
1024 742 1062 801 ut
1093 741 1172 803 solet
1214 751 1215 792 1

160 851 284 892 amnem
306 849 411 912 suum3
430 850 489 892 nec
506 827 636 911 longius
655 827 704 892 illi
723 828 928 892 adversorum
942 827 1004 892 fuit
1024 829 1173 910 spatium,
1214 851 1215 900 l

161 939 256 999 quam
287 916 362 980 dum
390 916 526 982 nuntiat.
564 915 642 979 Tam
671 917 774 1000 velox,
803 914 927 1002 Caesar,
950 919 1097 1000 potentia
1120 921 1172 980 tua
1214 903 1215 928 ¹

161 1010 208 1070 est
226 1011 356 1090 tamque
374 1006 409 1070 in
429 1005 535 1068 omnia
554 1005 674 1087 pariter
688 1006 812 1069 intenta
829 1005 958 1070 bonitas
977 1009 1009 1069 et
1023 1007 1173 1083 accincta,
1214 993 1215 1063 i

160 1100 196 1159 nt
219 1095 343 1159 tristius
367 1095 488 1177 aliquid
512 1095 639 1158 saeculo
663 1099 720 1158 tuo
744 1095 845 1178 passis
869 1095 909 1158 ad
927 1093 1103 1158 remedium
1130 1118 1172 1158 sa-
1185 1120 1204 1158 a

109 1183 324 1267 dllutcmque
344 1184 491 1265 sufficiat,
506 1186 542 1246 ut
562 1184 651 1246 scias.
685 1181 841 1248 Omnibus
861 1183 1007 1267 equidem
1022 1184 1173 1269 gentibus
1214 1195 1215 1232 l

160 1274 280 1337 fertiles
295 1295 395 1337 annos
415 1276 585 1358 graiasque
603 1276 704 1336 terras
719 1293 845 1356 precor3
857 1272 1052 1337 'crediderim
1067 1277 1176 1336 tamen

161 1383 218 1447 per
240 1361 326 1424 hunc
349 1359 491 1446 Aegypti
514 1365 634 1424 statum
658 1365 731 1426 tuas
751 1363 913 1426 fortunam
932 1363 1016 1425 vires
1035 1363 1176 1445 experiri

159 1456 313 1534 tuamque
346 1450 546 1536 vigilantiam
586 1455 730 1533 spectare
766 1451 914 1514 voluisse.
964 1448 1064 1534 Nam,
1103 1473 1175 1516 cum
1214 1443 1215 1530 t

161 1541 268 1603 omnia
291 1539 410 1622 ubique
430 1539 568 1604 secunda
587 1541 747 1620 merearis,
765 1560 871 1603 nonne
890 1539 1099 1603 manifestum
1120 1545 1176 1622 est,
1189 1549 1215 1622 al

162 1629 188 1692 si
213 1627 290 1710 quid
313 1629 436 1691 adversi
460 1628 561 1711 cadat,
584 1629 649 1692 tuis
672 1627 820 1691 laudibus
848 1629 977 1712 tuisque
1000 1629 1175 1692 virtutibus
1214 1623 1215 1692 i

162 1718 327 1780 materiam
353 1738 564 1800 campumque
588 1717 774 1800 praesterni‚
798 1739 870 1781 eum
895 1717 1033 1780 secunda
1056 1717 1177 1798 foliosa,
1214 1751 1215 1838 y

126 1807 292 1871 aadversa
314 1827 448 1891 magnos
467 1806 628 1888 probent?
664 1805 907 1870 Percrebruerat
926 1805 1107 1889 antiquitus
1127 1830 1177 1869 ur·-

161 1895 234 1958 bem
252 1897 394 1958 nostram
414 1894 477 1959 nisi
496 1895 612 1978 opibus
627 1893 770 1980 Aegypti
794 1894 836 1958 ali
855 1895 1092 1976 sustentarique
1111 1918 1177 1959 non

161 2005 262 2066 posse.
310 1981 522 2067 Superbiebat
552 1989 685 2048 ventosa
717 1988 748 2048 et
780 1983 921 2047 insolens
953 1985 1056 2067 nati0,
1089 1985 1178 2067 quod
1191 2011 1209 2047 a

161 2074 315 2145 victorem
337 2073 464 2154 quidem
483 2073 640 2156 populum
663 2077 808 2155 pasceret
830 2076 947 2155 tamen,
966 2072 1118 2156 quodque
1142 2075 1177 2136 in

162 2184 219 2224 suo
242 2161 384 2243 flumine,
402 2162 436 2224 in
460 2162 525 2225 suis
549 2162 686 2225 navibus
710 2163 761 2225 vel
780 2161 976 2227 abundantia
994 2166 1108 2226 nostra
1128 2165 1179 2226 vel

127 2252 261 2315 efames
286 2254 376 2314 esset.
413 2250 603 2314 Refudimus
623 2249 700 2314 Nilo
725 2273 797 2315 suas
822 2251 944 2334 copias3
967 2251 1088 2334 recepit
1113 2251 1178 2313 fru-

162 2343 278 2422 menta,
316 2362 396 2422 quae
429 2340 568 2422 miserat,
605 2339 850 2424 deportatasquc
887 2361 1006 2404 messes
1042 2342 1177 2403 revexit.

161 2427 274 2494 Discat
297 2429 396 2513 igitur
414 2427 584 2513 Aegyptus
603 2430 774 2512 credatque
797 2429 1015 2512 experimento
1034 2450 1103 2492 non
1123 2430 1176 2492 ali-
1191 2453 1215 2494 a

162 2522 270 2580 menta
294 2539 327 2580 se
345 2517 448 2600 nobis,
468 2518 523 2580 sed
541 2517 663 2581 tributa
681 2521 851 2600 praestare,
871 2518 951 2580 sciat
970 2538 1089 2580 senon
1109 2539 1178 2581 esse

126 2626 145 2672 4*
162 2607 284 2689 populo
312 2604 458 2669 Romano
486 2606 696 2670 necessariam
727 2610 759 2668 et
786 2609 893 2668 tamen
922 2606 1047 2669 serviat.
1098 2605 1179 2670 Post

162 2695 249 2776 haec,
282 2696 309 2757 si
336 2696 431 2778 volet,
459 2693 555 2758 Nilus
582 2698 668 2758 amet
696 2696 822 2758 alveum
851 2717 943 2758 suum
975 2699 1006 2758 et
1033 2694 1179 2759 fluminis

162 2784 293 2847 modum
314 2787 429 2867 servet3
447 2783 530 2847 nihil
548 2783 610 2847 hoc
628 2784 668 2846 ad
686 2785 800 2848 urbem
818 2805 856 2848 ac
874 2807 914 2848 ne
934 2783 974 2847 ad
987 2782 1179 2869 Aegyptum

164 2872 301 2955 quidem,
324 2873 386 2936 nisi
409 2876 445 2936 ut
463 2873 537 2936 inde
560 2872 688 2958 navigia
711 2873 819 2937 inania
838 2877 869 2936 et
887 2894 987 2936 vacua
1006 2876 1038 2935 ct
1057 2872 1179 2936 similia
1192 2897 1212 2934 a

163 2961 379 3043 redeuntibus
393 2960 468 3024 hinc
482 2958 577 3044 plena
591 2964 624 3024 et
639 2965 763 3046 onusta,
772 2966 803 3025 et
819 2961 926 3045 qualia
940 2961 1043 3025 solent
1057 2963 1179 3038 venire,
1214 2999 1215 3034 v

235 3161 248 3208 1
270 3154 444 3223 expandatur
463 3171 475 3207 e
493 3155 551 3208 suis
569 3156 645 3208 codd.
666 3157 766 3209 Baetr.
796 3187 827 3193 —
856 3157 1021 3222 usurpatam
1045 3156 1171 3224 (semper

165 3241 277 3293 saepem
300 3226 397 3280 Madv.
422 3225 484 3279 adv.
497 3227 554 3278 ΙΙΙ
562 3231 670 3295 217sq.‚
693 3227 828 3294 usurpata
851 3241 959 3294 semper
983 3226 1070 3291 codd,
1096 3229 1180 3297 culp„

163 3297 299 3363 usurpata
323 3312 432 3364 semper
454 3296 570 3350 vallium
594 3298 693 3352 Baete.
786 3303 801 3349 3
828 3295 929 3350 declivi
951 3313 1011 3362 scr„
1037 3296 1180 3350 detinenti

164 3367 245 3434 culp,
260 3366 390 3420 clementi
406 3367 474 3434 K.I,
488 3385 544 3421 non
559 3369 697 3422 detinenti
712 3367 771 3422 solo
786 3367 857 3437 plac.
874 3369 981 3422 Bactri·
1029 3372 1047 3420 4
1060 3368 1179 3438 refugus

166 3437 266 3489 Baelrr.
321 3443 336 3490 5
351 3437 473 3505 indeque
486 3439 615 3493 ubertate
630 3441 730 3494 Baebr.
787 3445 820 3493 15
838 3455 891 3492 sec.
906 3437 981 3507 ubiq.
999 3439 1064 3492 KJ
1073 3458 1110 3494 err
1126 3443 1149 3494 A
1159 3463 1179 3490 r.

168 3510 199 3557 18
220 3507 416 3573 percrebuerat
435 3511 503 3574 KJ,
522 3512 623 3564 Baebr.
643 3518 711 3577 tac.;
730 3513 764 3578 cf.
784 3528 823 3578 ep.
840 3511 885 3564 VI
888 3515 915 3564 2.
926 3515 950 3564 5.
