2458 3940
373 121 627 177 PANEGYRIOUS
648 129 809 178 11-1a.5.
1031 123 1095 187 311

86 286 166 370 illis,
198 283 426 350 difficillimum
458 285 566 368 nobis,
599 307 671 350 cum
703 284 871 352 Danubius
904 287 990 368 ripas
1022 287 1097 371 gelu

85 375 191 460 iungit
203 375 399 457 duratusque
411 375 516 459 glacie
530 375 673 460 ingentia
687 379 779 461 tergo
794 375 878 440 bella
892 379 1098 458 transportet,

87 485 160 528 cum
181 464 268 528 ferae
291 467 402 548 gentes
425 484 491 527 non
513 463 586 528 telis
605 465 709 549 magis
730 487 826 548 quam
845 487 903 529 suo
923 464 1020 547 caelo,
1039 485 1097 528 suo

86 553 189 617 sidere
212 552 398 616 armantur?
435 549 506 635 Sed,
529 553 586 616 ubi
609 554 644 616 in
665 555 813 636 proximo
837 557 887 636 tu,
913 575 979 617 non
1006 567 1133 617 secuse

57 663 124 705 sac
147 642 174 704 si
196 645 337 706 mutatae
361 645 543 723 temporum
566 643 651 706 vices
671 647 785 726 essent,
803 643 853 706 illi
876 641 1005 726 quidem
1026 641 1098 706 lati·

86 731 171 794 bulis
195 730 260 794 suis
283 731 384 795 clausi
406 729 606 814 tenebantur,
628 735 738 796 nostra
761 732 891 817 agmina
913 751 1098 814 percursare

82 820 172 902 ripas
195 822 228 884 et
250 820 353 884 aliena
376 819 552 902 occasione,
578 821 606 884 si
635 821 845 903 permitteres,
872 821 921 884 uti
949 821 1098 903 ultroque

83 909 226 972 hiemem
250 929 340 972 suam
364 908 508 973 barbaris
531 909 649 972 inferre
671 909 863 994 gaudebant.

153 995 241 1061 Haec
263 997 325 1062 tibi
349 996 434 1082 apud
456 996 565 1061 hostes
589 999 760 1062 veneratio.
802 997 908 1074 Quid?
931 997 1016 1080 apud
1040 993 1150 1060 nri-13

41 1111 69 1150 m
83 1086 160 1150 lites
179 1108 274 1168 quam
294 1085 538 1150 admirationem
557 1108 653 1169 quem
674 1086 864 1150 admodum
883 1086 1098 1170 comparasti?

83 1196 160 1239 eum
183 1179 290 1240 tecum
312 1175 461 1259 inediam,
488 1179 594 1240 tecum
621 1176 741 1240 ferrent
769 1175 866 1258 sitim,
889 1196 962 1239 cum
985 1175 1020 1238 in
1042 1174 1098 1238 illa

82 1262 293 1328 meditatione
317 1264 488 1348 campestri
508 1264 702 1329 militaribus
720 1265 836 1328 turmis
854 1263 1097 1347 imperatorium

82 1353 251 1435 pulverem
274 1353 486 1435 sudoremque
508 1354 666 1435 misceres,
689 1352 772 1417 nihil
789 1376 809 1417 a
832 1353 944 1418 ceteris
967 1352 1030 1416 nisi
1048 1373 1098 1415 ro-

83 1441 164 1504 bore
187 1462 224 1506 ac
246 1441 442 1524 praestantia
464 1443 604 1506 dicaeus
625 1442 728 1506 libero
747 1440 851 1506 Marte
868 1463 954 1505 nunc
972 1441 1098 1505 eminus

40 1554 68 1594 11
84 1529 151 1594 tela
178 1530 333 1614 vibrares,
359 1553 446 1596 nuno
472 1531 598 1596 vibrata
630 1532 821 1616 susciperes,
848 1533 953 1596 alacer
978 1530 1098 1594 virtute

83 1619 226 1682 militnm
249 1622 283 1682 et
304 1619 417 1702 laetus,
440 1621 590 1704 quotiens
612 1623 669 1684 aut
692 1621 808 1685 cassidi
826 1623 900 1684 tuae
918 1623 975 1684 aut
993 1619 1097 1702 clipeo

83 1708 215 1791 gravior
237 1709 321 1772 ictus
343 1709 498 1773 incideret
518 1706 686 1795 (laudabas
710 1710 829 1793 quippe
847 1709 1008 1791 ferientes,
1024 1707 1132 1772 hor-a

82 1797 279 1880 tabarisque,
296 1800 334 1861 nt
352 1797 514 1880 auderent,
537 1801 569 1862 et
587 1798 747 1863 audebant
765 1795 856 1884 iam),
879 1819 952 1862 cum
976 1799 1098 1881 specta-

82 1890 138 1950 tor
165 1885 410 1969 moderatorque
437 1887 616 1951 ineuntium
645 1889 820 1952 certamina
845 1888 987 1951 virorum
1010 1908 1098 1950 arma

39 1999 69 2038 ao
85 1995 303 2059 componeres,
317 1975 382 2039 tela
399 1979 572 2060 temptares
592 1997 637 2058 ac,
651 1977 679 2040 si
698 1976 785 2059 quod
799 1976 908 2040 durius
928 1975 1098 2058 accipienti

84 2064 257 2146 videretur,
289 2064 358 2147 ipse
390 2063 540 2128 vibrares.
587 2063 671 2140 Quid
703 2087 775 2129 cum
808 2064 964 2129 solacium
995 2063 1133 2144 fessis,3

82 2153 190 2238 aegris
214 2174 307 2236 opem
329 2153 452 2217 ferres?
487 2152 564 2217 Non
581 2154 642 2218 tibi
661 2154 760 2217 moris
778 2156 834 2216 tua
852 2153 933 2216 inire
950 2152 1098 2233 tentoria,

82 2242 150 2306 nisi
167 2241 425 2306 commilitonum
444 2246 518 2306 ante
535 2241 714 2325 lustrasses,
731 2262 791 2306 nec
808 2241 952 2324 requiem
971 2242 1098 2323 corpori

82 2331 149 2394 nisi
174 2334 250 2413 post
277 2353 388 2395 omnes
416 2331 498 2394 dare.
539 2330 610 2396 Hac
638 2330 718 2395 mihi
746 2331 956 2394 admiratione
982 2328 1133 2414 dignusr

39 2443 68 2484 as
83 2420 261 2503 imperator
282 2421 335 2483 111
353 2420 523 2503 videretur,
546 2421 574 2484 si
595 2422 680 2484 inter
697 2418 861 2484 Fabricios
880 2422 913 2483 et
932 2416 1098 2501 Scipiones

83 2513 118 2572 et
141 2506 294 2572 Camillos
322 2510 396 2573 talis
424 2513 515 2574 esset.
561 2509 652 2572 'lunc
679 2510 764 2573 enim
793 2509 885 2572 illum
909 2506 1098 2572 imitationis

83 2596 182 2661 ardor
204 2618 392 2680 semperque
415 2599 529 2662 melior
551 2598 668 2680 aliquis
691 2599 886 2662 accenderet.
920 2595 1097 2679 Postquam
1118 2613 1132 2660 5

84 2707 162 2751 vero
182 2686 323 2750 studium
342 2708 505 2750 armorum
525 2709 544 2750 a
561 2688 711 2752 manibus
730 2687 770 2750 ad
789 2687 910 2769 oculos,
928 2685 968 2748 ad
985 2685 1098 2767 volup-

84 2779 187 2840 tatem
206 2797 224 2838 a
242 2775 352 2840 labore
374 2777 565 2840 translatum
589 2780 646 2858 est,
668 2779 841 2859 postquam
864 2774 1098 2839 exercitationi-

39 2887 70 2928 so
85 2865 146 2928 bur
170 2864 289 2928 nostris
310 2885 377 2928 non
394 2868 617 2931 veteranorum
636 2865 762 2948 aliquis,
782 2865 833 2928 cui
852 2864 947 2928 decus
966 2862 1097 2926 muralis

159 3081 173 3129 1
192 3082 218 3130 et
229 3076 308 3143 iufra
321 3074 431 3128 Danau.
447 3076 548 3130 Baclu.
614 3080 646 3127 12
665 3073 830 3128 velitatione
846 3075 971 3128 Momrns.
982 3073 1097 3141 probat.

85 3153 120 3201 13
149 3145 276 3216 nihilque
299 3146 399 3200 ceteris
424 3147 491 3200 K.I.
565 3151 599 3199 14
627 3145 751 3200 diversus
775 3145 839 3199 add.
863 3145 978 3210 Beata,
1002 3143 1098 3212 dispar

85 3219 187 3286 (KI),
211 3215 355 3284 differens,
379 3217 488 3271 distans
507 3219 563 3283 1111,
582 3216 595 3245 *
614 3216 703 3270 libero
722 3217 808 3271 KJI.
883 3221 915 3268 15
938 3212 1098 3268 librares-

84 3287 197 3342 vibrata
220 3290 316 3358 pleriq,
343 3289 430 3354 codd,
456 3287 724 3343 librares-librata
751 3287 812 3354 all,
836 3288 901 3341 KJ
922 3287 1097 3352 (Carthaea.

84 3361 216 3428 11386),
239 3359 307 3412 vibr.
331 3365 466 3414 01111121.
548 3363 581 3411 25
604 3359 651 3411 vix
669 3359 744 3426 add,
762 3376 818 3413 non
842 3359 904 3412 dett
923 3357 1010 3423 codd,
1029 3357 1098 3423 KJ,

84 3448 138 3486 nec
160 3430 230 3484 mihi
254 3431 353 3486 admir.
378 3432 468 3498 KH,
496 3430 567 3483 haut
588 3448 625 3485 m.
649 3429 722 3483 adm.
747 3429 857 3496 Buebr,
879 3427 971 3482 minus
995 3428 1097 3498 dignus

88 3503 460 3571 Morume.,Burlcb.165aq.,
479 3501 532 3554 hac
551 3500 732 3555 mihi-talis
752 3503 843 3555 esset?
861 3501 1039 3556 8111111127.
