2468 3938
145 152 209 217 122
577 151 605 206 O.
624 151 723 206 PLINI

142 338 292 401 expressa
315 317 502 380 cubantium
529 315 670 399 pondere
695 317 871 400 sipunculis
896 315 1013 399 effluit,
1041 321 1156 380 cavato

141 405 249 489 lapide
280 406 467 489 suscipitur,
499 406 612 490 gracili
648 426 807 469 marmore
842 407 1026 469 continetur
1057 409 1157 489 atque

89 499 168 560 ert
142 497 187 558 ita
207 496 330 559 occulte
349 496 553 578 temperatur,
572 497 610 558 ut
628 495 760 577 impleat
776 515 835 558 nec
852 494 1016 562 redundet.
994 491 1157 558 t-(lusta

141 584 260 648 torium
284 584 475 685 graviorque
497 603 575 647 cena
598 585 736 669 margini
754 585 927 668 inponitur,
945 583 1047 647 levior
1064 584 1156 648 navi-

142 674 287 737 cularum
314 677 348 736 et
375 673 483 736 avium
510 671 623 760 figuris
650 674 799 736 innatans
832 674 987 737 circumit.
964 670 1157 736 tOontra
1187 701 1199 740 e

140 763 214 826 fonr
238 763 341 847 egerit
367 783 484 844 aquam
512 765 545 825 et
571 763 698 846 recipit3
726 783 800 825 nam
828 762 997 846 expulsa'
989 783 1023 824 m
1049 762 1156 825 altum

141 873 225 915 mse
245 850 331 916 cadit
348 851 617 934 iunctisquet
548 851 617 914 hiat
618 851 690 914 ibus
708 854 741 916 et
760 851 949 922 absorbetur
968 853 1000 914 et
1018 851 1156 916 tollitur.

140 939 315 1026 Eragione
334 939 464 1004 rtibadii
482 940 651 1004 adversum
666 940 849 1006 cubiculum
868 943 994 1003 tantum
1014 940 1156 1004 tribadio

87 1043 121 1093 38
139 1030 245 1093 reddit
281 1031 422 1113 ornatus,
459 1033 615 1112 quantum
652 1030 768 1111 accipit
805 1029 845 1093 ab
882 1029 948 1093 illo.
993 1027 1157 1094 Marmore

139 1118 294 1202 splendet,
312 1119 415 1182 valvis
433 1119 468 1181 in
489 1119 604 1182 viridia
626 1120 787 1201 prominet
806 1122 838 1181 et
861 1119 936 1202 exit,
956 1119 1020 1181 aha
1037 1117 1156 1182 viridia
1172 1144 1199 1185 ιο

139 1208 358 1292 superioribus
382 1207 651 1291 inferioribusque
673 1207 822 1272 fenestris
847 1207 981 1290 suspicit
1004 1207 1156 1290 despicit

139 1318 210 1380 que.
255 1296 334 1361 Mox
355 1297 523 1361 zothecula
545 1296 665 1382 refugit
688 1297 780 1380 quasi
802 1297 837 1360 in
860 1296 1043 1359 cubiculum
1066 1295 1155 1360 idem

138 1390 236 1469 atque
254 1386 351 1450 alind.
385 1385 503 1450 Lectus
521 1386 626 1450 hicet
611 1385 785 1469 tundique
802 1385 971 1468 fenestrae
993 1388 1026 1447 et
1044 1388 1156 1449 tamen

85 1488 119 1536 39
138 1475 249 1539 lumen
281 1475 454 1540 obscurum
486 1475 601 1540 umbra
632 1477 804 1558 premente.
859 1471 944 1538 Nam
961 1435 1155 1538 ’laetissima

138 1565 214 1628 vilis
237 1585 295 1646 per
318 1585 412 1627 omns
435 1567 501 1627 tect
501 1586 557 1628 um
580 1565 615 1628 in
643 1564 770 1628 culmen
796 1564 912 1627 nititur
939 1566 971 1626 et
998 1563 1153 1627 ascendit.
1171 1587 1197 1630 ιι

137 1652 214 1716 Νοιι
237 1673 328 1717 secur
352 1653 399 1717 ibi
421 1674 517 1736 quam
537 1654 571 1716 in
589 1673 720 1718 nemore
737 1653 850 1734 iaceas,
869 1652 1005 1716 imbrem
1024 1655 1154 1716 tanturn

84 1755 119 1804 40
138 1743 341 1824 tamquam
332 1764 367 1805 ιιι
394 1763 525 1806 nemore
551 1763 618 1806 nou
645 1745 716 1807 sent
717 1742 772 1806 ias.
822 1703 885 1805 llio
917 1762 1046 1824 quoqne
1076 1739 1154 1808 fons

137 1833 280 1896 nascitur
316 1831 475 1914 simulque
512 1830 708 1896 subducitur.
769 1828 852 1895 Sunt
887 1831 967 1894 locis
1003 1831 1153 1913 pluribus

138 1920 293 2004 disposita
321 1920 433 1984 sedilia
461 1943 478 1984 e
506 1941 674 2003 marmore,
702 1941 784 2003 quae
806 1919 1026 1984 ambulatione
1047 1920 1153 1984 fessos

137 2013 174 2074 ιιι
197 2009 381 2074 cubiculum
405 2011 511 2093 ipsum
535 2010 655 2073 iuvant.
700 2007 864 2072 Fonticuli
887 2009 1040 2073 sedilibus
1064 2009 1154 2072 adia·
1169 2035 1196 2075 ro

138 2102 223 2182 cent3
245 2121 304 2182 per
325 2102 431 2163 totum
454 2099 704 2183 hippodromum
723 2099 848 2162 inducti
865 2098 983 2162 fistulis
1002 2101 1154 2181 strepunt

136 2189 198 2251 rivi
229 2191 270 2272 et,
303 2210 366 2271 qua
398 2210 511 2252 manus
544 2188 645 2271 duxit,
678 2191 836 2251 secuntur.
882 2185 943 2250 His
975 2207 1061 2250 nunc
1094 2187 1153 2251 illa

136 2277 259 2358 viridia,
282 2297 369 2340 nunc
391 2277 479 2362 haec,
502 2277 662 2340 interdum
686 2277 784 2340 simul
806 2277 914 2340 omnia
936 2277 1095 2340 lavantur.

203 2365 365 2430 Vitassem
397 2367 461 2430 iam
493 2366 625 2448 dudum,
656 2387 697 2430 ne
733 2366 858 2430 viderer
894 2367 1048 2451 argutior,
1085 2366 1152 2430 nisi

135 2458 373 2540 proposuissem
398 2457 502 2520 omnis
525 2455 661 2540 angulos
684 2458 791 2519 tecum
809 2455 948 2538 epistula
971 2456 1151 2518 circumire.
1166 2479 1192 2520 ιι

82 2558 115 2606 41
135 2542 249 2628 Neque
271 2546 356 2609 enim
379 2545 521 2629 verebar,
544 2565 584 2608 ne
606 2544 804 2608 laboriosnm
827 2548 911 2609 esset
933 2545 1055 2630 legenti
1077 2543 1151 2628 tibi,

135 2634 222 2716 quod
239 2634 356 2698 visenti
370 2655 437 2697 non
450 2634 573 2715 fuisset,
590 2635 778 2717 praesertim
798 2654 872 2696 cum
892 2634 1152 2718 interquiescere,

135 2724 163 2787 si
184 2724 309 2804 liberet,
332 2723 541 2806 depositaque
568 2723 706 2806 epistula
734 2723 827 2805 quasi
852 2721 991 2786 residere
1019 2724 1150 2806 saepius

133 2833 252 2896 posses.
292 2811 460 2878 Praeterea
482 2811 603 2876 indulsi
625 2812 727 2875 amori
749 2833 835 2894 meo3
859 2833 931 2875 amo
951 2812 1046 2894 enim,
1065 2833 1151 2894 quae

134 2902 274 2965 maxima
296 2923 336 2966 ex
358 2905 450 2985 parte
472 2902 541 2985 ipre
564 2901 715 2964 inchoavi
737 2904 793 2964 aut
820 2901 971 2964 inchoata
994 2902 1150 2983 percolui.
1164 2925 1191 2964 ro

80 2986 173 3053 42111
200 3012 325 3054 summa
352 2987 424 3076 (cur
450 2992 535 3054 onim
563 3010 630 3053 non
656 2991 797 3073 aperiam
825 2990 887 3055 tibi
912 2990 965 3053 vel
992 2989 1150 3055 indicium

133 3099 240 3142 meum
268 3080 321 3143 vel
346 3076 523 3166 erroreml)
550 3080 691 3163 primum
718 3099 778 3163 ego
807 3079 951 3143 officium
979 3080 1148 3162 scriptoris

133 3169 293 3250 existimo,
310 3172 347 3232 nt
365 3171 496 3233 titulum
516 3189 610 3232 suum
628 3168 716 3252 legat
739 3172 836 3251 atque
854 3167 1030 3232 identidem
1050 3169 1149 3233 inter-

131 3260 226 3341 roget
249 3279 291 3340 se,
315 3259 392 3340 quid
416 3259 557 3342 coeperit
582 3257 728 3340 scribere,
756 3259 909 3340 sciatque,
937 3257 965 3320 si
993 3259 1148 3322 materiae
1228 3331 1229 3345 χ

204 3396 327 3450 tnavic.
346 3414 370 3450 o.
385 3414 416 3465 p.
426 3401 469 3451 77.
478 3401 524 3451 20.
598 3401 630 3449 11
651 3396 770 3466 suscipit
785 3396 894 3462 MFD,
910 3398 975 3451 KJ
990 3427 1023 3436 -
1043 3397 1146 3466 dispic.

133 3466 201 3519 KI.
287 3471 321 3520 23
339 3467 471 3520 iuvantur
484 3469 535 3522 Fa
553 3467 706 3536 (laetantur
720 3485 750 3535 p,
768 3469 815 3522 cll.
835 3469 913 3536 edd).
942 3468 984 3535 Os.
1006 3469 1099 3524 Vlla.
1111 3475 1146 3524 11

132 3553 156 3590 o.
171 3541 197 3603 6,
216 3539 252 3592 ol.
325 3543 359 3591 ιι
378 3538 467 3592 omnis
485 3539 557 3603 FD,
576 3553 672 3592 omnes
690 3540 761 3608 only.
781 3540 828 3592 Ad
837 3557 866 3607 p.
879 3543 975 3593 1228.
