2442 3940
97 224 101 233 .
202 203 234 248 a
253 174 288 254 q·
372 173 629 228 nprsrumnun
647 174 672 227 n
691 181 723 228 11
1014 175 1056 240 41

18 246 199 328 lamis*

48 337 201 401 eximium
225 337 363 402 orationi
386 338 454 402 eius
477 338 569 422 inest,
593 348 727 419 σεμνῶς.
759 336 852 403 Dixit
874 361 934 423 pro
957 336 1060 403 Mario
1081 356 1114 405 18
1173 415 1175 424 Ι

47 448 155 492 rursus
178 425 300 490 Fronto
325 422 435 491 Catius
463 427 645 512 insigniter,
673 431 773 510 utque
801 429 865 492 iam
892 429 983 519 lopus
1006 429 1061 492 ille
1103 431 1193 524 adp

48 514 209 598 poscebat,
222 515 295 599 plus
314 515 349 578 in
366 515 516 599 precibus
534 515 689 600 temporis
709 537 805 599 quam
824 519 859 581 in
878 517 1062 582 defensione

49 605 255 687 consumpsit.
309 603 415 668 Huius
451 605 611 669 actionem
643 627 777 689 vespera
813 607 960 689 inclusit,
996 628 1063 670 non

27 697 156 786 aleman
186 693 245 777 sic,
274 698 312 757 ut
343 693 556 777 abrumperet
600 691 715 778 Itaque
747 695 782 758 in
813 695 944 760 tertium
977 695 1061 760 diem

39 775 252 866 mutationes
285 783 440 847 exierunt.
493 780 562 846 Iam
594 781 657 846 hoc
688 784 795 867 ipsum
827 783 998 868 pulchrum
1030 787 1063 848 et

10 876 15 895 ¹
49 872 230 955 antiquum,
254 875 400 936 senatum
422 876 517 936 nocte
541 871 662 956 dirimi,
685 873 791 937 triduo
815 874 932 955 vocari,
955 871 1062 937 triduo

49 960 214 1024 contineri.
261 957 422 1025 Cornutus
450 957 627 1043 Tertullus,
655 962 768 1026 consul
792 961 990 1048 designatus,
1013 962 1062 1025 vir
1083 978 1114 1026 19

49 1050 197 1134 egregius
227 1053 259 1113 et
288 1070 348 1133 pro
381 1048 515 1114 veritate
545 1049 762 1132 firmissimus,
793 1052 917 1116 censuit
944 1051 1062 1134 septin-

16 1140 146 1224 agenta
168 1138 266 1223 milia,
289 1159 371 1222 quae
395 1140 561 1221 acceperat
583 1137 713 1222 Marius,
740 1139 862 1203 aerario
890 1137 1063 1217 inferenda,

48 1225 152 1290 Mario
175 1226 254 1292 urbe
274 1225 433 1312 Italiaque
451 1227 716 1309 interdicendum,
733 1225 898 1291 Marciano
917 1228 980 1292 hoc
998 1251 1063 1292 am-

49 1316 135 1398 plius
157 1312 277 1380 Africa.
322 1313 361 1379 In
386 1316 450 1379 fine
474 1317 650 1380 sententiae
673 1315 799 1400 adiecit,
828 1317 914 1399 quod
943 1337 1002 1401 ego
1031 1320 1063 1380 et

50 1403 181 1469 Tacitus
196 1404 341 1469 iniuncta
359 1404 570 1494 advocatione
584 1405 755 1490 diligenter
773 1409 806 1468 et
819 1405 947 1470 fortiter
960 1405 1064 1469 functi
1108 1413 1171 1472 <arf
1179 1403 1217 1440 ³⁰

1 1527 2 1562 1
50 1515 199 1577 essemus,
224 1493 372 1558 arbitrari
395 1498 541 1558 senatum
564 1495 611 1558 ita
632 1514 692 1558 nos
715 1493 842 1577 fecisse,
869 1499 907 1558 ut
929 1494 1063 1580 dignum

18 1582 208 1646 amandatis
235 1582 381 1666 pertibus
409 1583 514 1647 tuerit.
560 1582 780 1647 Adsenserunt
809 1585 955 1648 consules
984 1583 1063 1647 desi·
1083 1601 1117 1648 20

1 1661 2 1734 l
51 1671 149 1756 gnati,
181 1653 422 1735 omnei'etiam
454 1673 636 1736 consuleres
669 1693 770 1754 usque
803 1673 843 1736 ad
872 1670 1064 1756 Pompeium

1 1799 2 1864 ,
52 1757 229 1846 Collegam3
256 1760 312 1824 ille
340 1763 372 1824 et
400 1759 604 1844 septingenta
631 1760 721 1825 milia
748 1762 869 1825 aerario
900 1762 1065 1826 inferenda

51 1852 83 1912 et
108 1847 306 1913 Marcianum
334 1849 369 1911 in
396 1850 652 1933 quinquennium
679 1849 900 1935 relegandum,
924 1849 1064 1914 Marium

1 1989 2 1998 .
51 1938 297 2020 repetundarum
320 1959 451 2021 poenae,
475 1959 571 2021 quam
596 1939 661 2002 iam
684 1961 797 2022 passus
821 1943 917 2022 esset,
941 1939 1065 2004 censuit

18 2026 304 2110 arelinquendum.
348 2025 452 2091 Erant
477 2027 512 2091 in
535 2031 670 2109 utraque
694 2027 852 2092 sententia
874 2028 979 2111 multi,
1001 2028 1064 2092 for·
1083 2045 1115 2094 21

52 2117 134 2179 tasse
163 2115 260 2179 etiam
288 2115 397 2199 plures
425 2116 459 2179 in
486 2115 547 2179 hac
574 2117 626 2179 rel
654 2117 808 2180 solutiore
833 2117 885 2181 vel
907 2115 1064 2181 molliore.
1093 2146 1095 2156 ¹
1137 2116 1140 2126 ’

2 2267 3 2272 ,
52 2202 135 2267 Nam
160 2203 290 2288 quidam
313 2225 352 2268 ex
376 2204 442 2268 illis
466 2225 603 2288 qnoque,
627 2204 683 2287 qui
697 2189 851 2270 ‘Cornuto
873 2205 1065 2270 videbantur

2 2279 3 2338 l
52 2292 190 2376 adsensi,
217 2293 316 2376 hunc,
345 2293 401 2375 qui
428 2297 504 2376 post
527 2294 614 2377 ipsos
639 2297 817 2377 censuerat,
841 2294 1064 2378 sequebantur.
1121 2351 1124 2358 .
1164 2361 1168 2370 ,

2 2417 3 2464 1
53 2378 122 2465 Sed,
146 2402 220 2446 curn
242 2381 334 2446 fieret
358 2381 518 2470 disc-esaie,
546 2383 602 2465 qui
630 2384 717 2447 sellis
742 2384 910 2448 consulum
936 2384 1064 2448 adstite-
1084 2336 1134 2448 alr¹¹
1150 2373 1171 2388 ”

20 2474 130 2556 serant,
155 2468 349 2535 incarnati
377 2471 568 2535 sententiam
596 2471 642 2535 ire
671 2475 854 2556 coeperunt.
901 2470 985 2536 Tum
1007 2471 1065 2555 ilii,

54 2560 106 2642 qni
134 2581 168 2624 se
192 2555 283 2624 Colle
307 2581 344 2624 ae
373 2559 575 2624 adnumerari
601 2559 819 2644 patiebantur,
847 2562 882 2625 in
905 2561 1065 2625 diversum

54 2649 254 2731 transienmt,
278 2581 411 2734 dollega
434 2669 507 2713 cum
530 2650 641 2732 paucis
664 2649 804 2715 relictus.
846 2649 986 2714 Multum
1009 2670 1065 2733 po-

56 2741 118 2802 stea
137 2737 176 2802 de
195 2735 415 2821 inpulsoribns
436 2737 511 2821 suis,
532 2739 702 2822 praecipue
726 2739 764 2802 de
782 2737 909 2822 Regulo
934 2741 1065 2821 questus

3 2875 4 2897 ,
55 2830 112 2909 est,
141 2827 197 2910 qni
226 2848 258 2890 se
287 2827 322 2890 in
351 2828 521 2910 sententia,
550 2848 646 2910 quam
674 2828 743 2911 ipse
768 2827 954 2909 dictaverat,
979 2826 1065 2891 dese-

21 2937 43 2976 a
56 2916 174 2980 ruisset.
219 2913 280 2979 Est
302 2916 424 2999 alioqui
446 2914 573 3001 Regulo
596 2919 664 2979 tam
688 2916 807 2980 mobile
831 2916 1005 3002 ingenium,
1029 2919 1066 2979 ut

55 3003 225 3085 plurimum
249 3003 373 3087 audeat,
397 3005 573 3087 plurimum
597 3005 717 3069 timeat.

115 3091 180 3159 Hic
202 3093 277 3157 finis
301 3093 495 3179 cognitionis
519 3094 743 3178 amplissimae.
781 3090 934 3176 Superest
956 3097 1065 3158 tamen
1084 3109 1117 3156 23

58 3182 260 3268 1011111ογ1ον
278 3203 345 3246 non
362 3183 441 3267 leve,
462 3181 622 3247 Hostilius
640 3182 813 3265 Firminus,
836 3184 962 3268 legatus
983 3181 1065 3250 Mari

57 3267 165 3355 Prisci,
194 3271 250 3355 qui
277 3271 456 3356 permixtus
488 3293 600 3336 causae
629 3272 770 3358 graviter
796 3271 1064 3356 vehementerque

25 3363 183 3425 serenatus
207 3364 264 3426 est.
310 3357 396 3425 Nam
420 3364 452 3424 et
474 3361 653 3425 rationibus
675 3358 832 3424 Marciani
855 3365 887 3425 et
911 3381 1065 3441 sermone,

57 3464 263 3478 *an—-

124 3505 137 3552 7
164 3499 261 3553 dirimi
280 3500 388 3568 MDp,
407 3501 504 3568 Pomp.
519 3500 607 3564 Iactet.7
621 3499 669 3564 K„
689 3497 796 3551 dirimit
815 3499 846 3564 V,
865 3496 971 3552 dimitti
985 3497 1065 3561 Fra,

63 3568 117 3626 Orto
129 3576 226 3640 297sq.
241 3572 276 3638 cs.
291 3571 311 3641 ἕ
326 3575 369 3635 16,
390 3571 682 3634 1111111151,
701 3570 797 3623 melr'cs
818 3569 920 3638 Gieriq.
