2480 3942
360 190 362 195 -
399 153 657 210 1111111111
676 160 790 211 11-11.
1036 155 1101 220 281

86 321 188 382 tatem
210 318 275 382 loci
297 339 357 402 pro
380 339 506 383 summo
530 340 661 383 munere
685 320 829 403 accipiet.
876 317 958 406 Ego,
983 320 1011 383 si
1033 335 1138 403 per-3

85 407 226 490 miseris,
250 407 357 494 cogito
380 408 415 472 in
438 429 511 473 area
528 429 630 472 vacua
653 408 814 473 balineum
840 410 1007 492 collocare,
1031 431 1104 473 eum

87 499 196 560 eutem
217 497 334 581 locum,
357 497 392 560 in
415 518 478 581 quo
502 496 646 561 aedificis
667 497 813 582 fuerunt,
837 497 953 562 exedra
976 501 1008 561 et
1030 519 1103 581 por-

87 585 207 650 1111111
231 586 382 668 amplecti
405 589 502 669 atque
523 587 586 650 tibi
608 607 808 671 consecrare,
831 587 922 651 cuius
946 586 1102 651 beneficio

59 674 218 759 selegsns
242 695 324 757 opus
352 675 548 759 dignumque
575 677 706 739 nomine
730 679 788 740 tuo
817 676 882 740 fiet.
927 675 1139 760 Exemplum

87 764 289 847 testamenti,
320 785 514 847 quamquam
540 765 743 847 mendosum,
770 765 845 829 misi
866 765 943 848 tibi3
976 787 1015 829 ex
1039 785 1102 849 quo

87 872 264 936 cognosces
279 853 382 917 multa
395 851 592 936 Polyaenum
607 854 642 917 in
660 854 802 918 eiusdem
821 854 934 918 domus
955 858 1104 918 ornatum

86 941 265 1025 reliquisse,
290 962 370 1025 quae
393 946 430 1006 ut
453 942 567 1006 domus
590 942 661 1025 ipsa
683 944 856 1028 perierunt,
881 965 968 1008 ame
986 946 1104 1026 tamen,

87 1031 123 1093 in
146 1033 303 1114 quantum
324 1031 476 1115 potuerit,
497 1033 708 1115 requirentur.
819 1079 823 1088 ·

45 1217 72 1255 10
100 1201 103 1206 ’
452 1195 555 1255 cxxi.
580 1191 741 1276 [cxxvi]

433 1297 606 1345 TRAIANUS
630 1296 759 1345 PLINIO.

153 1384 329 1450 Possumus
353 1386 439 1470 apud
451 1386 626 1452 Prusenses
650 1409 723 1452 area
745 1387 808 1452 ists
831 1409 904 1452 cum
923 1387 1020 1451 domu
1040 1388 1104 1451 col·

84 1475 191 1558 lapsa,
224 1496 321 1558 quam
347 1496 460 1540 vacare
489 1477 616 1560 scribis,
648 1478 692 1542 od
719 1478 953 1541 extructionem
985 1476 1104 1541 balinei

85 1563 143 1627 uti.
189 1561 274 1627 Illud
296 1568 406 1629 tamen
428 1586 542 1649 perum
565 1567 762 1649 expressisti,
785 1589 826 1630 au
849 1567 942 1630 sedes
965 1566 999 1629 in
1021 1566 1104 1648 peri-

45 1677 71 1718 11
86 1653 186 1736 stylio
210 1650 342 1717 Claudio
374 1654 461 1718 facts
493 1659 585 1720 esset.
631 1654 730 1737 Nam,
763 1656 791 1719 si
816 1655 904 1720 facta
933 1659 996 1739 est,
1027 1655 1104 1719 licet

88 1742 233 1825 collapsa
256 1743 308 1821 sit,
330 1743 444 1828 religio
468 1744 536 1808 eius
561 1745 730 1828 occupavit
754 1745 867 1808 solum.

437 1908 556 1967 nxxn.
581 1903 757 1989 [nxxvn]

233 2038 237 2046 ι
290 2007 318 2056 C.
342 2008 480 2057 PLINIUS
505 2009 659 2057 TRAIANO
683 2009 908 2058 IMPERATORI.

155 2095 326 2161 Postulant
311 2097 400 2162 tibus
424 2099 625 2183 quibusdam,
646 2103 684 2163 ut
707 2100 745 2163 de
765 2099 975 2186 agnoscendis
993 2099 1105 2163 liberis

45 2211 72 2251 so
86 2186 358 2270 restituendisque
385 2188 608 2280 1111111111
576 2190 608 2252 11
637 2189 811 2253 secundum
841 2189 1013 2271 epistulam
1039 2187 1105 2252 Do-

86 2275 216 2339 mitiani
243 2276 396 2378 scriptam
423 2251 569 2341 Minicio
577 2277 725 2342 Rufot
692 2281 725 2342 et
752 2277 928 2341 secundum
958 2278 1105 2429 exempla

85 2365 361 2448 proconsulum
352 2386 422 2448 1pse
459 2387 698 2453 cognoscerem,
733 2367 861 2450 respexi
897 2365 937 2430 1(1
974 2369 1064 2430 senat
1066 2388 1104 2430 us

86 2454 272 2517 consultum
295 2455 458 2536 pertinens
483 2456 523 2519 sd
544 2456 655 2519 eedem
679 2477 796 2541 genera
820 2475 995 2539 causarum,
1018 2454 1105 2538 quod

87 2541 128 2606 de
151 2542 191 2605 iis
214 2545 339 2606 tantum
362 2545 536 2627 provinciis
559 2545 717 2628 loquitur,
748 2545 865 2629 quibus
895 2545 1105 2628 proconsules

46 2656 72 2697 as
86 2634 257 2716 praesunt3
288 2631 424 2715 ideoque
447 2655 515 2697 rem
537 2635 696 2719 integram
720 2634 845 2716 distuli,
877 2634 953 2697 dum
977 2638 1023 2716 ta,
1051 2633 1105 2696 do-

88 2720 186 2802 mine,
209 2722 419 2805 praeceperis,
443 2723 521 2805 quid
544 2723 714 2787 observare
736 2745 788 2788 me
810 2723 899 2787 velis.

423 2886 558 2948 uxxnr.
579 2882 771 2978 [uxxvm]

436 2987 608 3036 TRAIANUS
632 2988 760 3035 PLINIO.

158 3072 193 3139 Si
215 3074 296 3139 mihi
319 3080 448 3142 senatus
477 3079 659 3142 consultum
686 3079 826 3164 miseris,
856 3077 942 3163 quod
968 3077 1105 3141 haesita-

46 3191 73 3232 11
86 3165 211 3229 tionem
234 3165 296 3229 tibi
316 3166 408 3250 iecit,
431 3168 620 3249 aestimabo,
648 3189 689 3230 11
712 3164 827 3231 debeas
853 3187 1042 3253 cognoscere
1065 3167 1104 3230 de

87 3253 300 3340 agnoscendis
322 3255 435 3319 liberis
458 3258 492 3319 et
514 3256 677 3320 natalibus
699 3256 784 3320 veris
807 3256 1021 3320 restituendis.

162 3451 196 3500 12
215 3445 299 3501 domu
314 3447 351 3514 A,
370 3446 452 3502 domo
471 3450 543 3520 vulp.
617 3453 650 3502 31
669 3449 742 3503 veris
757 3450 793 3517 A,
808 3447 878 3516 KI,
897 3448 954 3502 suis
973 3467 1000 3516 o,
1021 3448 1103 3502 ΚΠ
