2468 3938
392 111 649 168 EPISTULARUM
667 113 693 166 U
711 117 806 167 a-ro.
1042 111 1102 174 127

90 297 214 358 purnes,
238 275 391 360 quiquid
415 277 540 362 negotii
562 276 729 359 haberent,
752 277 867 360 iurare,
894 276 983 359 prius
1007 297 1104 358 quam

89 369 231 450 agerent,
254 365 449 430 iubebantur
465 365 548 430 nihil
571 387 605 430 se
624 367 665 430 ob
688 365 930 430 advocationem
954 365 1104 448 cuiquam

89 453 226 537 dedisse,
248 455 443 538 promisisse,
466 454 596 520 cavisse.
632 453 695 520 His
717 456 802 520 enim
825 455 933 518 verbis
955 475 992 518 ac
1014 454 1103 518 mille

8 623 9 626 Ἴ
88 546 258 625 praeterea
287 547 320 608 et
350 543 458 608 venire
487 544 712 609 advocationes
745 548 777 608 et
808 543 872 608 emi
904 541 1102 608 vetabantur.

60 629 233 696 aPeractis
256 636 365 696 tamen
386 633 525 718 negotiis
549 632 794 716 permittebatur
820 633 989 716 pecuniam
1013 631 1103 696 dum-

87 724 180 786 taxat
203 720 313 786 decem
336 721 461 788 milium
484 723 567 787 dare.
603 720 676 786 Hoc
697 721 783 786 facto
801 719 939 804 Nepotis
963 736 1137 786 pemmo-5

86 814 142 873 tus
156 813 295 893 praetor,
310 811 364 893 qui
375 811 659 875 centumviralibus
674 811 842 894 praesidet,
861 810 1103 892 deliberaturus,

86 920 130 962 an
154 903 341 982 sequeretur
364 899 561 984 exemplum,
581 900 784 984 inopinatum
807 899 901 964 nobis
925 900 1028 963 otium
1052 898 1103 961 de-

87 987 146 1051 dit.
192 986 326 1056 Interim
354 992 424 1054 tota
454 988 583 1054 civitate
613 987 750 1072 Nepotis
781 989 920 1052 edictum
951 989 1136 1072 carpitano

49 1101 75 1141 ro
89 1076 251 1140 laudatur.
300 1075 409 1141 Multi:
447 1077 657 1161 ‘Invenimua
693 1079 749 1160 qui
786 1098 882 1141 curva
919 1078 1101 1162 corrigeret.

86 1163 196 1242 Quid?
231 1169 306 1230 ante
327 1165 414 1230 hunc
435 1170 598 1250 praetores
621 1187 688 1231 non
708 1167 863 1230 fuerunt?
900 1166 971 1250 quis
994 1169 1101 1230 autem

86 1255 143 1318 hic
171 1257 233 1338 est,
264 1255 320 1340 qui
347 1257 494 1320 emendet
521 1257 668 1340 publicos
698 1255 836 1320 mores‘l'
881 1252 948 1318 Alii
977 1257 1101 1318 contra:

87 1341 293 1408 ‘Rectissime
313 1341 405 1430 fecit3
435 1345 573 1409 initurus
597 1344 822 1446 magistratum
845 1344 917 1407 iura
940 1343 1101 1428 cognovit,

8 1491 9 1496 ,
87 1435 220 1497 senatus
244 1431 391 1498 consulta
412 1432 506 1520 legit,
535 1435 683 1518 reprimit
704 1433 904 1498 foedissimas
928 1433 1101 1516 pactiones,

8 1503 11 1534 '
48 1547 71 1585 a
85 1544 157 1586 rem
171 1521 422 1606 pulcherrimam
436 1523 621 1608 turpissime
635 1523 742 1587 venire
756 1543 823 1587 uon
836 1521 978 1606 patitur.'
1007 1519 1100 1586 Tales
1121 1537 1135 1585 7

85 1610 209 1696 ubique
233 1633 408 1696 sermones3
437 1613 493 1696 qui
515 1616 624 1676 tamen
647 1612 833 1676 alterutram
856 1611 890 1676 in
913 1613 1037 1694 partem
1061 1633 1101 1674 ex

85 1703 206 1764 eventu
235 1701 473 1784 praevalebunt.
518 1699 579 1765 llst
612 1702 742 1765 omnino
766 1701 926 1784 iniquum,
955 1701 1010 1764 sed
1039 1722 1100 1764 usu

8 1805 12 1834 l
84 1794 263 1873 receptum,
286 1789 373 1872 quod
391 1789 528 1854 honesta
544 1791 678 1855 consilia
697 1791 748 1854 vel
765 1790 882 1874 turpia,
900 1793 998 1873 prout
1016 1789 1100 1874 male

85 1881 143 1942 aut
167 1899 320 1962 prospere
348 1880 477 1963 cedunt,
505 1879 552 1943 ita
573 1880 625 1944 vel
647 1879 826 1963 probantur
853 1879 904 1942 vel
931 1879 1100 1961 reprehen-

48 1991 72 2031 so
85 1967 217 2031 duntur.
246 1966 325 2031 Inde
343 1969 530 2052 plerumque
549 1968 768 2050 eademfaota
785 1967 881 2032 modo
905 1968 1100 2053 diligentiae,

84 2055 185 2120 modo
208 2057 372 2140 vanitatis,
402 2057 498 2121 modo
516 2059 689 2141 libertatis,
720 2057 816 2122 modo
839 2056 958 2121 furoris
981 2078 1100 2120 nomen

84 2146 260 2230 accipiunt.
291 2143 381 2210 Vale.

8 2271 10 2284 ·
452 2304 453 2308 ,
482 2313 483 2318 ἵ
523 2239 557 2298 X.
583 2237 662 2316 [XL]

8 2355 11 2434 p
206 2339 233 2386 c.
257 2339 396 2388 PLINIUS
421 2340 595 2388 SULTOUIO
620 2340 845 2400 TRANQUILLO
870 2339 934 2388 SUO
959 2339 985 2386 S.

46 2453 70 2493 rs
152 2428 270 2493 Libera
297 2430 426 2495 tandem
454 2424 793 2514 hendecasyllaborum
824 2451 969 2494 meorum
992 2428 1132 2511 fidem,1

84 2518 143 2602 qui
180 2518 301 2601 scripta
340 2523 396 2583 tua
432 2520 657 2584 communibus
697 2519 808 2584 amicis
849 2518 1098 2603 spoponderunt.

82 2605 303 2692 Appellantur
334 2609 464 2691 cotidie,
491 2609 723 2693 efflagitantu,
759 2629 796 2672 ac
826 2609 891 2672 iam
920 2607 1097 2691 periculum

84 2701 150 2778 est,
180 2717 222 2760 ne
249 2702 405 2782 cogantur
434 2698 474 2762 ad
502 2698 717 2762 exhibendum
740 2697 918 2763 'formulam
946 2697 1097 2778 accipere.

8 2839 10 2872 ,
85 2783 168 2850 Sum
198 2790 231 2851 et
259 2786 330 2870 ipse
357 2787 392 2850 in
422 2787 542 2852 edendo
572 2787 759 2870 haesitator,
791 2790 828 2852 tu
857 2789 966 2850 tamen
993 2800 1132 2848 meama

48 2895 218 2958 aequoque
248 2876 484 2940 cunctationem
514 2876 761 2959 tarditatemque
790 2875 904 2939 vicisti.
959 2873 1097 2938 Proinde

83 2967 142 3028 aut
164 2985 279 3047 rumpe
305 2965 369 3028 iam
393 2986 498 3030 moras
527 2970 582 3030 aut
605 2986 694 3047 cave,
725 2987 767 3028 ne
796 2964 923 3029 eosdem
953 2963 1033 3028 istos
1059 2963 1097 3026 li·

8 3097 11 3146 ,
84 3053 204 3136 bellos,
236 3073 318 3136 quos
348 3053 408 3117 tibi
435 3053 694 3137 hendecasyllabi
721 3054 824 3118 nostri
850 3052 1015 3117 blanditiis
1043 3051 1096 3116 eli-

159 3197 172 3245 l
199 3192 248 3260 qui
271 3163 340 3261 quid
364 3193 472 3263 negotii
495 3193 631 3248 haberent
649 3211 680 3260 a,
704 3193 788 3247 UH
800 3193 881 3261 (disp.
896 3193 1002 3259 1112),
1021 3191 1097 3260 quis-

84 3263 149 3331 quis
162 3263 309 3333 negotium
323 3263 441 3318 haberet
454 3266 536 3334 Dpr,
550 3265 618 3319 K.I.
693 3271 707 3317 7
726 3264 869 3334 praesidet
887 3264 995 3332 Dara,
1010 3263 1048 3317 K.
1054 3264 1096 3329 II,

84 3369 266 3439 praesidebat
286 3372 329 3438 rr,
343 3371 411 3425 rer.
521 3377 553 3426 rr
573 3372 699 3441 iniquom
716 3390 739 3438 r,
755 3372 824 3440 nr,
847 3348 973 3437 arata
993 3371 1042 3435 M‚·
1061 3369 1095 3435 cf.

8 3487 10 3510 ,
80 3460 110 3510 p.
126 3446 188 3496 128.
199 3447 224 3508 5,
244 3443 319 3498 Vra.
331 3449 355 3509 1,
380 3444 459 3498 VIII
465 3449 505 3498 14.
518 3449 559 3510 14,
578 3445 628 3497 IX
635 3448 719 3498 wear.
789 3448 821 3496 27
840 3441 1038 3510 efflagitantur
1053 3441 1095 3504 M,

8 3511 10 3546 l
85 3513 184 3585 Staapl
198 3517 259 3582 675,
278 3517 307 3569 et
325 3513 417 3584 efflag.
438 3532 463 3582 ς,
485 3517 513 3569 et
530 3514 595 3584 flag.
615 3516 723 3582 Dprc,
738 3515 776 3567 K.
