2482 3942
349 141 606 197 EPISTULARUM
624 142 663 198 Vl
682 149 759 198 2-5.
999 143 1061 208 141

538 311 574 368 V.

335 411 363 459 O.
386 411 525 460 PLINIUS
548 411 637 460 URSO
662 411 728 462 SUO
753 411 778 460 S.

116 499 314 586 Scripseram
329 503 470 566 tenuisse
488 500 661 585 Varenum,
679 506 717 566 ut
735 503 797 567 sibi
816 522 946 567 evocare
964 507 1062 567 testes
1083 519 1097 567 r

4 669 5 678 ἵ
48 585 175 676 liceret,
198 591 285 674 quod
307 590 454 675 pluribus
477 611 626 674 aequum,
649 591 841 674 quibusdam
864 592 1012 675 iniquum
1031 595 1064 656 et

24 681 180 764 squidem
212 680 418 764 pertinaciter
449 680 568 763 visum,
606 681 745 744 maxime
776 680 901 744 Licinio
933 679 1064 764 Nepoti,

48 770 105 852 qui
128 770 277 851 sequenti
300 772 421 852 senatu,
444 789 519 833 cum
542 769 698 834 derebus
721 770 794 834 aliis
816 770 1002 852 referretur,
1025 769 1064 833 de

48 859 199 942 proximo
224 861 352 922 senatus
377 859 524 922 consulto
548 858 698 922 disseruit
722 859 912 943 finitamque
935 879 1064 922 causam

47 947 247 1011 retractavit.
291 944 426 1011 Addidit
448 946 546 1011 etiam
569 948 743 1031 petendum
767 970 786 1011 a
809 948 1005 1029 consulibus,
1028 951 1099 1012 uta

47 1036 206 1100 referrent
228 1035 287 1100 sub
312 1037 459 1119 exemplo
482 1036 563 1122 legis
586 1036 727 1101 ambitus
756 1035 795 1100 de
822 1037 894 1122 lege
916 1041 1064 1121 repetun-

12 1126 173 1208 udarum,
202 1146 243 1188 an
269 1124 410 1208 placeret
436 1126 471 1188 in
497 1125 643 1188 futurum
671 1125 712 1189 ad
739 1147 809 1189 eam
836 1126 942 1211 legem
972 1125 1064 1207 adici,

46 1219 92 1298 ut,
118 1214 204 1278 sicut
226 1210 466 1279 accusatoribus
489 1214 672 1298 inquirendi
695 1215 895 1297 testibusque
918 1215 1064 1279 denunti-

46 1304 124 1368 andi
147 1305 292 1386 potestas
316 1325 355 1366 ex
378 1325 415 1367 ea
436 1304 508 1387 lege
532 1307 628 1382 esset,
658 1303 704 1368 ita
726 1304 789 1367 reis
813 1324 942 1388 quoque
964 1303 1063 1367 fieret.

46 1391 203 1474 Fuerunt,
221 1392 338 1475 quibus
363 1392 442 1456 haec
465 1392 534 1456 eius
558 1393 661 1457 oratio
688 1395 726 1456 ut
753 1414 823 1457 sera
851 1396 883 1456 et
909 1392 1099 1475 intempea

47 1483 132 1545 stiva
166 1484 199 1544 et
228 1485 435 1565 praepostera
466 1482 658 1565 displiceret,
690 1503 771 1564 quae
804 1482 923 1546 omisso
953 1485 1065 1546 contra

12 1569 177 1636 udicandi
200 1573 345 1654 tempore
367 1571 540 1656 castigaret
561 1574 736 1654 peractum,
755 1570 807 1634 cui
830 1571 991 1655 potuisset
1014 1591 1065 1635 oc·

47 1679 185 1723 currere.
234 1657 399 1723 Iuventius
432 1658 561 1743 quidam
595 1657 707 1724 Celsus
738 1664 868 1744 praetor
899 1663 1100 1743 tamquam4

47 1748 287 1813 emendatorem
307 1752 436 1812 senatus
455 1752 487 1813 et
505 1749 616 1813 multis
631 1753 663 1813 et
677 1749 883 1813 vehementer
896 1749 1064 1833 increpuit.

4 1867 5 1878 κ
47 1837 230 1922 Respondit
249 1835 360 1921 Nepos
382 1858 557 1921 rursusque
582 1835 706 1921 Celsus3
730 1842 843 1902 neuter
861 1837 1064 1902 contumeliis

47 1925 249 2010 temperavit.
295 1924 382 1991 Nolo
409 1926 536 2009 referre,
563 1949 645 2010 quae
672 1925 735 1990 dici
763 1927 803 1991 ab
827 1927 906 2011 ipsis
929 1927 1099 1991 molestes

12 2017 117 2080 retuli.
167 2013 238 2090 Quo
261 2016 364 2100 magis
388 2015 544 2099 quosdam
568 2037 737 2080 enumero
756 2020 868 2080 nostro
887 2016 1065 2100 inprobari,

47 2107 104 2188 qui
132 2105 230 2168 modo
258 2103 299 2167 ad
326 2102 463 2186 Celsum,
491 2104 587 2168 modo
618 2105 658 2168 ad
685 2104 860 2188 Nepotem,
887 2108 985 2188 prout
1011 2104 1065 2169 hic

5 2247 6 2254 ,
46 2195 99 2258 vel
118 2194 176 2257 ille
195 2193 321 2278 diceret,
341 2193 516 2278 cupiditate
535 2193 685 2258 audiendi
702 2194 900 2258 cursitabant
919 2197 952 2258 et
969 2215 1064 2278 nunc,

5 2273 7 2342 l
46 2283 143 2366 quasi
176 2281 378 2346 stimularent
410 2287 442 2346 et
469 2282 686 2366 accenderent,
713 2304 807 2366 nunc,
835 2283 926 2366 quasi
955 2303 1065 2347 recon-

46 2373 198 2436 ciliarent
224 2393 262 2436 ac
288 2375 566 2454 recomponerent,
593 2372 793 2456 frequentius
821 2372 972 2456 singulis,
998 2393 1064 2436 am-

5 2425 34 2525 lu
47 2462 156 2526 bobus
188 2459 349 2524 interdum
381 2461 558 2544 propitium
596 2459 763 2525 Caesarem
799 2465 837 2525 ut
873 2461 906 2524 in
940 2459 1063 2524 ludicro

47 2551 161 2634 aliquo
193 2549 413 2632 precabantur.
458 2548 537 2612 Mihi
571 2550 698 2632 quidem
733 2549 815 2614 illud
846 2551 943 2614 etiam
975 2565 1099 2633 pera-6

5 2647 7 2696 l
48 2640 183 2704 uerbum
206 2639 278 2722 fuit,
301 2638 388 2721 quod
411 2643 487 2702 sunt
509 2640 590 2703 alter
613 2639 713 2722 alteri,
737 2638 815 2723 quid
837 2642 995 2722 pararent,
1017 2639 1065 2702 in-

48 2728 158 2792 dicati.
203 2726 287 2791 Nam
312 2731 345 2792 et
367 2725 478 2792 Celsus
501 2727 623 2812 Nepoti
646 2751 685 2792 ex
707 2728 819 2792 libello
842 2726 1009 2811 respondit
1032 2731 1064 2790 et

5 2887 6 2892 η
49 2815 145 2882 Celso
172 2814 284 2900 Nepos
312 2837 351 2880 ex
378 2817 599 2903 pugillaribus.
645 2817 749 2881 Tanta
775 2818 954 2900 loquacitas
986 2817 1099 2880 ami-7

5 2899 37 2969 'u
49 2927 173 2988 corum,
194 2909 232 2969 ut
249 2905 396 2970 homines
415 2907 573 2992 iurgaturi
592 2905 625 2970 id
643 2906 750 2990 ipsum
768 2906 906 2970 invicem
925 2905 1064 2990 scierint,

49 2999 217 3078 tamquam
241 2996 450 3059 convenisset.
495 2994 585 3060 Vale,

6 3155 11 3234 l
121 3191 140 3240 4
159 3187 448 3255 aequom-iniquom
464 3191 492 3255 (ο
506 3205 636 3256 supercor.
651 3192 680 3256 v)
701 3189 744 3254 M,
760 3189 835 3255 K.I;
853 3187 892 3242 ud
903 3204 933 3256 p.
949 3191 1063 3242 12217.

51 3265 83 3312 23
111 3275 221 3313 reconc.
245 3261 498 3328 componerentque
521 3261 630 3329 Dpru,
656 3260 716 3315 Otto
731 3263 791 3314 303.
899 3264 933 3312 30
961 3260 1065 3314 sonent

50 3331 141 3400 Dpa,
163 3329 223 3386 Otto
237 3334 298 3385 303.
