2468 3938
149 143 212 207 126
582 139 610 196 0.
628 138 727 194 PLINI

146 305 349 389 Thucydides
367 305 422 388 ait,
446 303 600 388 ‘raupa'
624 304 727 367 sitan
746 301 998 386 ‘dydvaopa'3
1021 324 1163 386 quorum
1232 299 1233 304 ’

147 395 284 460 alterum
314 395 433 478 oratio,
466 393 601 458 alterum
631 391 766 458 historia
794 396 850 457 est.
896 391 956 456 His
985 414 1024 455 cx
1055 393 1163 456 causis
1232 393 1233 400 '

146 506 213 548 non
240 483 393 568 adducor,
425 485 462 546 ut
490 483 553 546 duo
586 481 754 546 dissimilia
782 484 814 546 et
836 480 899 546 hoe
926 481 997 564 ipso
1026 481 1164 563 diversa,

146 573 233 656 quod
256 573 397 637 maxima
420 571 614 636 confimdam
642 572 871 654 misceamque,
894 591 935 634 ne
952 573 1043 634 tanta
1066 571 1163 652 quasi

147 661 329 727 colluvione
352 661 500 726 turbatus
523 660 569 724 ibi
591 660 722 743 faciam,
751 659 837 742 quod
859 658 914 723 hic
937 658 1050 742 debeo,
1072 659 1163 724 ideo·
1192 683 1204 724 s

147 773 209 835 qua
232 751 362 816 iuterim
386 751 525 832 veniam,
552 771 592 814 ne
621 771 640 812 a
662 747 844 813 forensibus
871 749 976 813 verbis
1003 748 1163 831 recedam,

94 857 126 905 12
147 839 323 904 advocandi
345 843 430 922 peto.
467 837 516 901 Tu
538 841 648 902 tamen
669 838 734 902 iam
757 855 844 901 nunc
862 838 978 922 cogita,
1003 858 1085 920 quae
1104 859 1163 920 po-

146 929 308 993 tissimum
330 932 477 1011 tempora
499 927 675 1012 aggrediar.
722 925 841 990 Vetera
864 931 896 990 et
919 927 1040 1010 scripta
1062 926 1163 992 aliis?

145 1015 261 1082 Parata
279 1017 455 1101 inquisitio,
474 1015 529 1080 sed
548 1037 682 1080 onerosa
696 1015 836 1079 collatio.
868 1014 993 1080 Intacta
1008 1019 1040 1078 et
1053 1016 1163 1078 nova?

93 1124 126 1172 13
147 1105 267 1171 Graves
291 1106 440 1187 offensae,
461 1105 542 1168 levis
565 1105 676 1190 gratia
704 1103 789 1168 Nam
808 1108 935 1188 praeter
952 1104 995 1185 id,
1018 1104 1105 1186 quod
1123 1104 1162 1168 in
1177 1130 1204 1170 ro

145 1197 244 1261 tantis
270 1195 358 1260 vitiis
380 1194 550 1259 hominurn
572 1195 666 1277 plura
689 1193 848 1277 culpanda
874 1197 949 1257 sunt
972 1214 1069 1275 quam
1091 1192 1163 1256 lau·

145 1285 257 1370 danda,
280 1289 359 1367 tum,
382 1285 410 1348 si
427 1283 617 1368 laudaveris,
634 1303 759 1367 parcus,
782 1283 809 1346 si
828 1282 1015 1366 culpaveris,
1037 1282 1161 1346 nimius

144 1374 244 1439 fuisse
267 1373 390 1456 dicaris,
414 1372 559 1455 quamvis
582 1372 664 1436 illud
686 1371 880 1455 plenissime,
903 1371 967 1435 hoc
988 1371 1162 1436 restrictis-

93 1480 126 1528 14
146 1464 230 1527 sime
252 1462 374 1526 feceris.
421 1460 484 1526 Sed
511 1460 590 1525 haec
617 1483 669 1525 me
696 1481 762 1524 non
784 1460 962 1544 retardant,
995 1464 1044 1525 ast
1071 1460 1160 1524 anim
1232 1471 1233 1524 3

145 1552 225 1616 mihi
248 1572 308 1635 pro
330 1550 393 1614 fide
416 1551 493 1615 satis
516 1549 624 1614 animi.
668 1547 754 1612 lllud
776 1553 862 1634 peto,
883 1553 1094 1633 praesternas,
1116 1549 1160 1614 ad
1175 1571 1201 1616 rs
1232 1577 1233 1660 p

145 1640 232 1723 quod
254 1639 406 1722 hortaris,
439 1641 602 1724 eligasque
624 1639 804 1720 materiam,
827 1660 868 1702 ne
890 1637 971 1702 mihi
994 1638 1058 1702 iam
1083 1639 1162 1702 scri-
1232 1663 1233 1668 ¹

144 1729 219 1794 bare
246 1731 359 1812 parato
391 1726 455 1791 alia
482 1749 592 1792 rursus
625 1727 839 1792 cunctationis
872 1730 903 1791 et
933 1748 1042 1791 morae
1072 1728 1161 1792 iusta

144 1819 228 1882 ratio
252 1821 408 1882 nascatur.
453 1816 543 1881 Vale.
1232 1811 1233 1826 ¹

558 1981 608 2040 IX.
648 1981 725 2040 XXI.

314 2081 342 2130 o.
366 2081 505 2130 rmurus
530 1979 847 2130 senarioruoleuso
872 2080 937 2130 suo
962 2080 988 2129 s.
1174 2090 1199 2130 20

111 2191 124 2238 1
211 2171 446 2237 Descenderam
468 2172 504 2236 in
522 2169 688 2236 basilicam
706 2170 822 2236 Iuliam
841 2172 1017 2255 auditmus,
1037 2171 1159 2253 quibus

109 2279 124 2326 2
144 2263 292 2345 proxima
311 2261 646 2344 comperendinatione
659 2261 852 2344 respondere
866 2259 1028 2324 debebam.
1062 2258 1159 2324 Sede-

143 2350 222 2416 bant
240 2350 371 2432 iudices,
395 2349 566 2414 decemviri
589 2353 756 2432 venerant,
786 2349 1038 2414 obversabantur
1060 2349 1159 2414 advo·

144 2441 223 2524 cati,
256 2440 418 2504 silentium
450 2440 599 2524 longum,
628 2438 757 2502 tandem
791 2461 810 2501 a
838 2441 984 2520 praetore
1013 2439 1157 2504 nuntius.

142 2528 361 2594 Dimittuntur
392 2528 596 2610 centumviri,
628 2527 779 2592 eximitur
811 2527 878 2590 dies
907 2547 959 2592 me
987 2526 1157 2612 gaudente,
1171 2551 1195 2592 as

144 2619 200 2701 qui
228 2638 405 2700 numquam
432 2616 479 2680 ita
507 2621 637 2699 paratus
668 2638 753 2699 sum,
785 2619 911 2680 utnon
934 2635 1024 2680 mora
1047 2615 1156 2681 laeter.

108 2704 249 2780 aCausa
277 2705 440 2770 dilationis
467 2703 578 2788 Nepos
608 2709 750 2788 praetor,
782 2705 838 2787 qui
866 2704 993 2790 legibus
1021 2707 1156 2787 quaerit.

143 2794 360 2880 Proposuerat
392 2794 487 2858 breve
525 2793 681 2876 edictum,
717 2793 910 2866 admonebat
944 2798 1157 2876 accusatores,
1232 2807 1233 2864 ἶ

144 2885 336 2950 admonebat
356 2904 429 2948 reos
453 2887 677 2947 exsecuturum
696 2903 739 2966 se,
761 2903 843 2964 quae
857 2886 985 2948 senatis
1006 2881 1155 2947 consulto
1232 2871 1233 2896 ¹

107 2974 391 3038 scontinerentur.
434 2969 570 3036 Suberat
593 2971 697 3036 edicto
726 2975 854 3036 senatus
877 2971 1061 3036 consultum
1079 2971 1155 3036 hoc:
1169 2997 1194 3037 ao
1232 2977 1233 3036 J

216 3240 229 3287 1
253 3236 424 3290 Thac.·122.
487 3239 502 3287 2
521 3233 573 3288 His
588 3251 622 3288 ex
637 3235 674 3289 Μ
676 3251 707 3300 a,
722 3235 760 3289 K.
766 3236 805 3290 II
815 3235 867 3301 (sic
879 3251 982 3302 semma
994 3235 1094 3302 Plio),
1112 3233 1155 3287 Ex

142 3305 186 3358 his
206 3305 396 3373 Dprs,K.I.
470 3305 661 3360 curensibus
680 3307 790 3374 Dpra,
811 3306 947 3372 Otto302,
966 3305 1036 3360 meis
1057 3305 1153 3371 M,K.
1232 3357 1233 3380 ,

143 3375 377 3444 Saggrediamur
391 3377 474 3444 Dps.
549 3383 581 3430 10
600 3377 693 3447 gravis
709 3393 742 3430 ea
755 3394 812 3431 aaa
828 3377 933 3431 MKJ
946 3384 979 3432 at
997 3377 1076 3431 VIII
1080 3381 1154 3432 225
1232 3413 1233 3454 ,

144 3445 255 3500 sodalis.
342 3452 376 3499 20
396 3445 603 3502 SEMPRONIO
622 3465 656 3502 ca
674 3448 758 3502 Ridd.
778 3449 842 3502 odd.
861 3448 960 3503 Haeret.
974 3452 1037 3502 254.
1118 3452 1154 3500 30
1232 3455 1233 3514 l

144 3531 200 3570 sen.
221 3532 294 3570 cons.
313 3516 379 3570 hoc:
399 3534 494 3571 omnes
513 3537 573 3585 sea,
592 3535 648 3572 sen.
668 3535 756 3573 cons:
775 3520 829 3573 hoc
847 3535 942 3572 omnes
961 3519 1020 3574 edd.
1232 3521 1233 3528 ’
