2458 3940
128 167 194 232 330
532 223 536 229 ,
564 161 592 218 C.
612 163 710 218 Punu

128 331 224 396 etiam
255 329 449 392 affinitatum
482 329 598 392 damno
631 328 712 392 bene
745 328 944 412 compensari
976 331 1146 410 putarent3

128 419 185 485 sed
206 418 246 483 iis
269 419 407 482 maxime
431 417 566 482 debebat
594 418 734 502 gratuita
762 418 957 502 contingere,
982 439 1000 479 a
1024 417 1146 499 quibus

92 524 109 571 6
128 513 195 572 tam
218 527 335 592 magno
360 506 596 571 aestimabatur.
632 505 739 591 Igitur
755 510 848 590 pater
864 510 940 570 tuus
961 506 1079 589 sanxit,
1098 510 1146 587 ut,

129 596 215 680 quod
238 618 277 659 ex
301 597 412 659 matris
436 595 475 658 ad
498 595 625 678 liberos,
649 616 688 658 ex
710 596 885 659 liberorum
913 595 1008 658 bonis
1031 615 1146 677 perse
1215 605 1216 644 i

128 687 229 750 nisset
252 685 291 749 ad
314 688 458 768 matrem,
482 685 608 752 etiamsi
631 685 860 770 cognationum
878 685 949 748 iura
967 704 1034 747 non
1056 705 1146 748 rece·
1172 710 1182 748 s

127 776 258 858 pissent‚
282 796 354 839 cum
383 774 545 838 ciuitatem
574 772 832 857 adipiscerentur,
860 774 927 837 eius
955 772 1146 837 vicesimam

93 879 168 928 sne
201 864 320 926 darent.
343 861 505 926 'Eandem
537 861 774 927 immunitatem
806 863 841 926 in
871 862 1014 945 paternis
1046 861 1145 926 bonis
1215 863 1216 938 l

127 953 195 1017 filio
219 951 342 1035 tribuit,
366 951 512 1015 simodo
536 950 686 1014 reductus
710 955 793 1014 esset
820 952 855 1014 in
877 951 979 1034 patris
1001 954 1146 1032 potesta-
1215 971 1216 1042 ,

128 1045 203 1124 tom,
229 1045 317 1105 ratus
346 1041 492 1123 improbe
520 1042 552 1103 et
580 1039 754 1104 insolenter
784 1059 820 1104 ao
843 1059 943 1123 paene
967 1038 1074 1123 impie*
1092 1039 1145 1103 his
1215 1071 1216 1074 ¹

127 1131 311 1194 nominibus
335 1130 432 1194 inseri
454 1128 671 1213 publicanum,
689 1149 748 1192 neo
767 1130 834 1193 sine
853 1129 980 1212 piaculo
1000 1129 1145 1211 quodam
1160 1153 1182 1193 ιο
1215 1175 1216 1200 2

129 1218 344 1285 sanctissimas
367 1217 615 1282 necessitudines
639 1218 728 1281 velut
751 1218 967 1282 intercedente
989 1219 1147 1281 vicesima
1215 1261 1216 1264 κ

129 1309 244 1391 scindi,
268 1309 398 1371 nullum‘
415 1307 498 1370 tanti
522 1318 590 1370 csse
612 1304 759 1390 vectigtd
779 1306 865 1389 quod
883 1308 1003 1371 liberos
1028 1328 1066 1370 ac
1090 1329 1147 1390 pa·

76 1392 233 1461 38rentes
250 1397 371 1461 faceret
389 1399 563 1460 extraneos.
594 1390 757 1459 Hactenus
776 1395 839 1460 ille'
851 1396 978 1479 parcius
996 1395 1148 1478 fortasse,

130 1507 225 1569 quam
244 1486 350 1550 decuit
370 1484 528 1567 optimum
547 1485 734 1568 principem,
749 1485 884 1548 sednon
898 1485 1026 1568 parcius
1046 1507 1146 1567 quam

129 1575 287 1658 optimum
310 1576 443 1657 patrem,
462 1574 518 1655 qui
537 1573 749 1656 adoptaturus
765 1573 829 1638 hoc
848 1591 976 1656 quoque
998 1575 1146 1657 parentis
1161 1600 1183 1637 ιε
1215 1607 1216 1692 p

129 1662 400 1748 indulgentissimi
422 1662 508 1745 feeit,
533 1661 619 1745 quod
642 1662 798 1726 delibasse
822 1663 977 1745 quaedam
1007 1677 1065 1726 seu
1089 1677 1146 1746 po-

129 1752 193 1815 tius
218 1751 450 1815 demonstrasse
474 1754 644 1815 contentus
665 1753 790 1836 largam
814 1770 850 1814 ac
869 1770 970 1835 prope
988 1751 1146 1816 intactam
1215 1751 1216 1772 ¹

94 1840 210 1903 abeno
239 1839 377 1903 faciendi
405 1840 571 1903 materiam
599 1840 668 1903 filio
695 1841 878 1904 reservavit.
917 1838 1035 1904 Statim
1068 1862 1146 1926 ergo

67 2001 70 2008 ⁴
129 1930 254 1992 muneri
274 1929 341 1992 eius
359 1928 537 1994 liberalitas·
550 1932 606 1993 tua
624 1929 770 2012 astruxit,
784 1933 829 2012 ut,
846 1949 942 2010 quem
956 1929 996 1992 ad
1010 1930 1146 1993 modum

129 2019 164 2080 in
186 2018 286 2101 patris
309 2017 404 2100 filius,
433 2019 537 2083 sicin
562 2016 739 2081 hereditate
767 2017 830 2081 filii·
854 2022 947 2101 pater
974 2022 1059 2082 esset
1087 2019 1147 2081 im·
1161 2044 1185 2082 so

129 2107 235 2172 munis
262 2128 322 2171 neo
349 2106 459 2170 eodem
487 2109 661 2188 momento,
689 2122 752 2189 quo
781 2110 873 2189 pater
900 2127 968 2170 esse
1000 2106 1147 2189 desisset,

93 2195 191 2259 ahoe
218 2218 346 2280 quoque
374 2195 545 2277 amitteret,
573 2193 659 2279 quod
681 2196 804 2259 fuisset.
841 2195 991 2282 Egregie,
1020 2193 1147 2280 Caesar,

130 2284 216 2368 quod
242 2284 390 2348 lacrimas
417 2287 587 2368 parentum
617 2285 790 2368 uectigales
820 2305 890 2349 esse
920 2305 986 2349 non
1015 2287 1146 2368 pateris.

129 2373 221 2437 Bona
238 2369 299 2437 filii
317 2377 408 2456 pater
427 2374 496 2436 sine
514 2373 732 2437 deminutione
750 2373 922 2458 possideat,
940 2393 1000 2438 nee
1019 2375 1144 2438 socium
1215 2415 1216 2420 κ

129 2463 315 2528 hereditatis
335 2462 480 2545 accipiat,
499 2462 554 2544 qui
572 2483 639 2526 non
657 2462 755 2526 habet
779 2463 899 2545 luctus}
922 2481 1017 2525 nemo
1035 2483 1146 2527 recen·
1158 2487 1181 2526 ss

129 2556 195 2617 tem
223 2555 254 2615 et
282 2553 452 2614 attonitam
481 2550 651 2615 orbitatem
680 2551 720 2614 ad
748 2552 1022 2633 computationem
1050 2557 1145 2616 vocet

93 2643 290 2725 ccogatque
317 2643 449 2724 patrem,
479 2639 555 2722 quid
583 2640 749 2723 reliquerit
774 2639 869 2722 filius,
894 2641 982 2704 scire.
1018 2638 1145 2726 Augeo,

130 2734 236 2813 patres
260 2729 443 2813 conscripti,
465 2729 621 2811 principis
649 2743 774 2811 munus,
803 2743 875 2792 eum
904 2728 1038 2793 ostendo
1068 2729 1146 2793 libe-

129 2815 250 2882 ralitati
265 2819 332 2882 eius
347 2818 450 2881 inesse
468 2818 634 2881 rationem.
668 2817 815 2881 Ambitio
835 2818 921 2881 enim
941 2819 972 2882 et
991 2817 1146 2882 iactantia

130 2912 162 2972 et
180 2907 293 2971 effusio
313 2911 345 2972 et
359 2906 485 2991 quidvis
499 2907 608 2989 potius
628 2927 723 2989 quarn
741 2906 918 2970 liberalitas
932 2907 1145 2972 existimanda
1157 2931 1182 2970 so

94 3001 187 3079 uest,
215 2997 267 3061 cui
293 2996 375 3060 ratio
403 3016 470 3059 non
497 2992 631 3059 constat.v
667 2993 810 3080 Dignum
843 3016 930 3080 ergo,
960 2997 1143 3078 imperator,

130 3084 375 3149 mansuetudine
397 3089 453 3148 tua
480 3083 623 3148 minuere
652 3084 799 3148 orbitatis
826 3085 961 3148 iniurias
989 3106 1048 3148 neo
1076 3087 1144 3168 pati

132 3195 324 3258 quemquam
347 3173 415 3238 filio
440 3173 557 3237 amisso
581 3173 711 3256 insuper
733 3172 819 3237 effici
843 3173 906 3237 alio
932 3173 1051 3237 dolore.
1091 3171 1144 3238 Sic

132 3283 259 3343 quoque
283 3261 413 3325 abunde
432 3263 548 3326 misera
570 3275 623 3325 res¹
644 3262 701 3345 est,
723 3266 815 3345 pater
832 3261 901 3326 filio
926 3262 1014 3326 solus
1037 3261 1144 3344 heres3

205 3473 236 3520 15
261 3467 398 3536 optimum
421 3477 484 3525 uate
507 3471 602 3539 adopt.
626 3472 708 3525 isser.
730 3472 849 3526 Oatuaeo
873 3479 947 3528 auct.
970 3473 1040 3540 edd,
1064 3473 1146 3543 impr.

133 3538 254 3591 Sebuelte
268 3556 298 3605 p.
312 3543 356 3592 29.
