2482 3942
377 155 635 210 EPISTULARUM
653 155 717 210 vm
735 160 778 223 ao,
798 161 840 210 11.
1050 154 1115 219 217

103 342 138 386 se
158 319 357 385 descendisse
376 320 503 403 sentire,
521 341 617 402 quam
637 319 795 384 senserint
813 319 1001 384 ascendisse.
1028 316 1119 383 Idem
1156 337 1171 384 1

101 411 193 474 lacus
214 410 250 474 in
272 408 392 473 flumen
416 409 565 494 egeritur,
589 408 684 492 quod,
706 409 763 472 ubi
783 430 816 473 se
834 408 998 493 paulisper
1017 408 1119 474 oculis

103 498 211 582 dedit,
242 518 340 582 specu
361 499 518 584 mergitur
545 499 673 581 alteque
700 498 866 562 conditum
898 501 984 561 meat
1007 519 1060 580 ac,
1092 497 1120 561 si

104 587 194 671 quid,
211 592 384 689 antequem
403 587 642 670 subduceretur,
660 587 793 688 accepit,
812 589 917 652 servat
938 585 1119 670 teprofert.

73 675 194 744 sHaec
216 677 277 741 tibi
301 677 430 760 scripsi,
462 676 538 760 quia
560 698 619 741 nec
641 676 749 739 minus
779 677 892 761 ignota
919 697 1016 759 quam
1038 674 1120 739 mihi
1140 693 1173 742 10

102 787 164 831 nec
181 766 288 830 minus
308 769 399 852 grata
419 764 596 830 credebam.
618 763 733 829 Namt
719 768 898 849 tequcque
912 767 950 828 ut
968 786 1019 829 me
1037 764 1121 828 nihil

102 877 206 938 aeque
228 875 265 919 ac
288 857 421 918 naturae
444 876 541 939 opere
564 854 723 919 delectant
709 851 866 918 t.Vale.

574 1001 653 1061 XXI.

361 1101 552 1150 1111111111
576 1101 730 1149 anenno
755 1101 820 1149 sco
844 1101 870 1148 1.

55 1221 86 1260 11
171 1189 218 1256 Ut
240 1192 275 1256 in
301 1191 368 1256 vita
397 1191 444 1256 sic
466 1191 501 1255 in
529 1191 644 1256 studiis
671 1189 923 1275 pulcherrimum
951 1195 984 1256 et
1010 1190 1155 1258 huma-1

102 1281 274 1346 nissimum
297 1280 447 1345 existimo
471 1280 673 1345 severitatem
702 1280 950 1362 comitatemque
978 1280 1120 1362 miscere,

102 1393 145 1434 ne
168 1369 224 1434 illa
246 1370 281 1433 in
299 1369 475 1452 tristitiam,
498 1370 578 1434 haec
596 1369 630 1433 111
652 1369 865 1452 petulantiam
885 1368 1026 1434 excedat.
1050 1366 1156 1444 Quas

101 1459 229 1524 ratione
244 1459 358 1524 ductus
373 1459 520 1543 graviora
534 1480 631 1541 opere
643 1458 769 1522 lusibus
784 1458 927 1541 iocisque
947 1458 1121 1543 distinguo,

102 1547 158 1613 Ad
180 1547 241 1612 hos
263 1546 472 1632 proferendos
501 1551 533 1612 et
556 1551 684 1631 tempus
706 1551 739 1611 et
757 1549 865 1612 locum
889 1547 1121 1630 opportunissi-

59 1663 88 1704 15
104 1659 196 1702 mum
219 1637 311 1722 elegi,
333 1639 433 1719 utque
456 1637 521 1700 iam
544 1657 631 1701 nunc
653 1637 877 1702 adsuescerent
895 1639 928 1700 et
946 1637 986 1700 ab
1007 1636 1121 1700 otiosis

102 1727 194 1792 etin
216 1726 357 1791 triclinio
380 1725 500 1809 audiri,
531 1724 614 1789 Iulio
638 1746 763 1808 mense,
791 1746 855 1808 quo
885 1726 1026 1789 maxime
1048 1725 1122 1789 lites

102 1815 372 1898 interquiescunt,
407 1814 523 1897 positis
560 1819 634 1878 ante
666 1815 768 1880 lectos
805 1814 964 1879 cathedris
1001 1815 1121 1880 amicos

103 1904 269 1971 collocavi
314 1901 411 1968 Forte
434 1903 564 1986 accidit,
595 1906 632 1967 ut
618 1903 771 1968 teodem
800 1903 851 1968 die
878 1926 971 1968 mane
1004 1904 1039 1967 in
1068 1904 1121 1967 ad·
1141 1920 1156 1968 3

102 1993 307 2059 vocationem
331 1993 471 2057 subitam
494 2013 638 2078 rogarer,
667 1993 753 2075 quod
776 1992 857 2056 mihi
880 2014 1009 2057 causam
1032 2015 1122 2094 prae-

57 2110 88 2150 11
102 2082 258 2167 loquendi
282 2081 377 2146 dedit
425 2079 503 2146 Sum
527 2082 613 2145 enim
637 2081 834 2166 deprecatus,
856 2103 897 2145 ne
921 2082 1037 2164 quisu
1015 2081 1122 2145 utin-

103 2175 303 2236 reverentem
319 2171 424 2255 operis
439 2174 596 2256 argueret,
610 2171 697 2253 quod
711 2171 902 2235 recitaturus
902 2191 1121 2253 ,quamquam

104 2266 138 2326 et
161 2261 273 2326 amicis
297 2263 329 2324 et
351 2260 475 2343 paucis,
498 2259 532 2323 id
556 2263 605 2325 est
627 2260 744 2324 iterum
768 2259 896 2342 amicis,
918 2258 990 2322 foro
1014 2263 1047 2323 et
1068 2282 1122 2323 ne-

103 2350 203 2437 gotiis
221 2371 288 2414 non
302 2347 539 2413 abstinuissem.
571 2347 690 2413 Addidi
709 2347 796 2413 hunc
811 2348 956 2412 ordinem
975 2370 1027 2412 me
1042 2349 1122 2412 etin

103 2439 274 2503 scribendo
312 2438 417 2520 sequi,
452 2442 489 2502 ut
525 2439 731 2502 necessitates
767 2437 1004 2521 voluptatibus,
1040 2437 1122 2502 seria

60 2555 89 2596 11
104 2527 255 2594 iucundis
278 2527 469 2591 anteferrem
492 2548 530 2591 ac
552 2528 692 2610 primum
715 2526 837 2610 amicis,
855 2529 925 2589 tum
948 2525 1030 2590 mihi
1049 2527 1123 2590 scri·

104 2618 224 2682 berem.
269 2615 367 2680 Liber
388 2615 453 2680 fuit
475 2620 508 2680 11
531 2616 695 2700 opusculis
722 2616 829 2680 varius
852 2619 885 2679 et
907 2616 1028 2680 metris.
1073 2613 1158 2678 1114

104 2708 256 2789 solemus,
279 2706 335 2788 qui
357 2705 488 2790 ingenio
511 2727 626 2788 parum
648 2705 792 2787 fidimus,
820 2705 977 2769 satietatis
1000 2704 1122 2787 pericu-

104 2797 174 2860 lum
197 2795 318 2880 fugere.
340 2793 487 2858 Recitavi
511 2794 619 2858 biduo
651 2792 724 2858 Hoc
746 2793 899 2858 adsensus
923 2792 1121 2857 audientium

104 2885 222 2970 exegit.
253 2882 298 2948 Et
320 2887 438 2966 tamen,
460 2886 498 2947 ut
520 2883 575 2948 alii
594 2887 761 2947 transeunt
784 2882 939 2965 quaedam
959 2881 1123 2966 inputant

62 3001 90 3041 1ο
105 2996 183 3057 que,
215 2973 302 3056 quod
333 2975 513 3055 transeant,
543 2972 590 3038 sic
622 2993 682 3057 ego
715 2971 798 3036 nihil
829 2975 993 3055 praetereo
1025 2974 1123 3054 atque

105 3063 203 3127 etiam
236 3081 303 3126 non
334 3061 507 3146 praeterire
538 3084 590 3125 me
618 3064 727 3126 testor.
773 3060 860 3146 Lego
889 3060 974 3124 enim
1006 3061 1123 3144 omnia,

104 3156 143 3216 ut
168 3152 276 3216 omnia
299 3150 475 3233 emendem,
499 3152 585 3233 quod
609 3150 795 3235 contingere
812 3171 878 3214 non
896 3153 1005 3234 potest
1023 3151 1123 3214 electa

104 3241 324 3306 recitantibus.
357 3239 403 3303 At
421 3238 502 3302 illud
520 3239 697 3304 modestius
716 3243 749 3303 et
761 3238 899 3302 fortasse
917 3239 1122 3303 reverentius.
1142 3253 1157 3301 5

105 3328 169 3394 Sed
192 3331 255 3394 hoc
274 3329 452 3413 simplicius
472 3331 504 3393 et
522 3329 690 3392 amantius.
713 3325 813 3390 Amat
831 3328 926 3411 enim,
950 3328 1006 3411 qui
1025 3350 1058 3393 se
1077 3328 1123 3392 sic

106 3543 144 3597 M
178 3474 218 3595 2}
231 3471 260 3523 et
273 3487 300 3536 a,
314 3468 402 3535 ΚΠ,
416 3484 468 3524 111.
483 3469 546 3535 Mr,
561 3469 630 3522 KJ.
703 3471 736 3520 31
756 3466 1039 3535 testora‚Otlo304‚
1059 3466 1121 3520 dico

145 3559 170 3608 r,
217 3581 222 3594 .
