<?xml version="1.0" encoding="UTF-8"?>
<!DOCTYPE html PUBLIC "-//W3C//DTD XHTML 1.0 Transitional//EN"
    "http://www.w3.org/TR/xhtml1/DTD/xhtml1-transitional.dtd">
<html xmlns="http://www.w3.org/1999/xhtml" xml:lang="en" lang="en">
 <head>
  <title>
</title>
<meta http-equiv="Content-Type" content="text/html;charset=utf-8" />
  <meta name='ocr-system' content='tesseract 3.04.00' />
  <meta name='ocr-capabilities' content='ocr_page ocr_carea ocr_par ocr_line ocrx_word'/>
</head>
<body>
  <div class='ocr_page' id='page_1' title='image "./cplinicaecilise00mlgoog_0252.png"; bbox 0 0 2480 3942; ppageno 0'>
   <div class='ocr_carea' id='block_1_1' title="bbox 346 185 1074 254">
    <p class='ocr_par' dir='ltr' id='par_1_1' title="bbox 346 185 1074 254">
     <span class='ocr_line' id='line_1_1' title="bbox 346 185 1074 254; baseline 0.021 -14"><span class='ocrx_word' id='word_1_1' title='bbox 346 185 605 240; x_wconf 75' lang='lat' dir='ltr'><strong>EPISTULARUM</strong></span> <span class='ocrx_word' id='word_1_2' title='bbox 621 187 661 240; x_wconf 77' lang='lat' dir='ltr'><strong>ix</strong></span> <span class='ocrx_word' id='word_1_3' title='bbox 679 193 792 244; x_wconf 83' lang='lat' dir='ltr'><strong>ac-aa.</strong></span> <span class='ocrx_word' id='word_1_4' title='bbox 1011 189 1074 254; x_wconf 79' lang='lat'><strong>241</strong></span> 
     </span>
    </p>
   </div>
   <div class='ocr_carea' id='block_1_2' title="bbox 22 347 1133 1928">
    <p class='ocr_par' dir='ltr' id='par_1_2' title="bbox 62 347 1077 701">
     <span class='ocr_line' id='line_1_2' title="bbox 63 347 1077 438; baseline 0.002 -23"><span class='ocrx_word' id='word_1_5' title='bbox 63 347 203 434; x_wconf 81' lang='grc' dir='ltr'><em>ἑτέραν</em></span> <span class='ocrx_word' id='word_1_6' title='bbox 221 349 263 416; x_wconf 73' lang='grc' dir='ltr'><strong>δὲ</strong></span> <span class='ocrx_word' id='word_1_7' title='bbox 281 349 298 416; x_wconf 88' lang='grc' dir='ltr'>ὁ</span> <span class='ocrx_word' id='word_1_8' title='bbox 314 349 463 436; x_wconf 76' lang='grc' dir='ltr'><strong><em>ῥήτορ’.</em></strong></span> <span class='ocrx_word' id='word_1_9' title='bbox 485 347 560 414; x_wconf 83' lang='lat' dir='ltr'><strong>Alio</strong></span> <span class='ocrx_word' id='word_1_10' title='bbox 575 351 661 415; x_wconf 91' lang='lat' dir='ltr'><strong>loco:</strong></span> <span class='ocrx_word' id='word_1_11' title='bbox 681 348 847 438; x_wconf 68' lang='grc' dir='ltr'><strong><em>Ἔπειτα</em></strong></span> <span class='ocrx_word' id='word_1_12' title='bbox 867 350 1077 436; x_wconf 85' lang='grc' dir='ltr'><strong><em>ἀναφαίνε-</em></strong></span> 
     </span>
     <span class='ocr_line' id='line_1_3' title="bbox 62 437 1076 526; baseline 0.004 -24"><span class='ocrx_word' id='word_1_13' title='bbox 62 461 127 504; x_wconf 97' lang='grc' dir='ltr'><strong>ται</strong></span> <span class='ocrx_word' id='word_1_14' title='bbox 148 437 237 524; x_wconf 79' lang='grc' dir='ltr'><strong><em>περὶ</em></strong></span> <span class='ocrx_word' id='word_1_15' title='bbox 259 439 416 504; x_wconf 79' lang='grc' dir='ltr'><strong><em>πάντων</em></strong></span> <span class='ocrx_word' id='word_1_16' title='bbox 438 437 480 504; x_wconf 79' lang='grc' dir='ltr'><strong>ἐν</strong></span> <span class='ocrx_word' id='word_1_17' title='bbox 502 447 552 526; x_wconf 76' lang='grc' dir='ltr'><strong>τῷ</strong></span> <span class='ocrx_word' id='word_1_18' title='bbox 574 441 822 524; x_wconf 80' lang='grc' dir='ltr'><strong><em>ψηφίσματι’.</em></strong></span> <span class='ocrx_word' id='word_1_19' title='bbox 859 439 980 505; x_wconf 87' lang='lat' dir='ltr'><strong>Iterum</strong></span> <span class='ocrx_word' id='word_1_20' title='bbox 999 443 1076 506; x_wconf 88' lang='lat' dir='ltr'><strong>alio:</strong></span> 
     </span>
     <span class='ocr_line' id='line_1_4' title="bbox 63 525 1077 617; baseline 0.003 -25"><span class='ocrx_word' id='word_1_21' title='bbox 63 525 179 594; x_wconf 46' lang='grc' dir='ltr'><strong><em>(Ἀλλ’</em></strong></span> <span class='ocrx_word' id='word_1_22' title='bbox 223 527 493 612; x_wconf 76' lang='grc' dir='ltr'><strong><em>ἐγκαθήμενοι</em></strong></span> <span class='ocrx_word' id='word_1_23' title='bbox 533 526 597 593; x_wconf 83' lang='grc' dir='ltr'><strong>καὶ</strong></span> <span class='ocrx_word' id='word_1_24' title='bbox 638 528 917 614; x_wconf 77' lang='grc' dir='ltr'><strong><em>ἐνεδρεύοντες</em></strong></span> <span class='ocrx_word' id='word_1_25' title='bbox 956 528 998 595; x_wconf 79' lang='grc' dir='ltr'><strong>ἐν</strong></span> <span class='ocrx_word' id='word_1_26' title='bbox 1033 539 1077 617; x_wconf 79' lang='grc' dir='ltr'><strong>τῇ</strong></span> 
     </span>
     <span class='ocr_line' id='line_1_5' title="bbox 63 615 1077 701; baseline 0.004 -21"><span class='ocrx_word' id='word_1_27' title='bbox 63 615 251 701; x_wconf 76' lang='grc' dir='ltr'><em>ἀκροάσει</em></span> <span class='ocrx_word' id='word_1_28' title='bbox 284 617 534 684; x_wconf 76' lang='grc' dir='ltr'><strong><em>εἰσελαύνετε</em></strong></span> <span class='ocrx_word' id='word_1_29' title='bbox 561 617 682 682; x_wconf 82' lang='grc' dir='ltr'><strong><em>αὐτὸν</em></strong></span> <span class='ocrx_word' id='word_1_30' title='bbox 709 620 765 694; x_wconf 79' lang='grc' dir='ltr'><strong>εἰς</strong></span> <span class='ocrx_word' id='word_1_31' title='bbox 792 620 884 696; x_wconf 86' lang='grc' dir='ltr'><strong><em>τοὺς</em></strong></span> <span class='ocrx_word' id='word_1_32' title='bbox 910 622 1077 701; x_wconf 86' lang='grc' dir='ltr'><strong><em>παρανό-</em></strong></span> 
     </span>
    </p>

    <p class='ocr_par' dir='ltr' id='par_1_3' title="bbox 31 704 1131 1148">
     <span class='ocr_line' id='line_1_6' title="bbox 31 704 1131 792; baseline 0.006 -26"><span class='ocrx_word' id='word_1_33' title='bbox 31 737 49 777; x_wconf 65' lang='grc'><strong>,5</strong></span> <span class='ocrx_word' id='word_1_34' title='bbox 63 730 163 790; x_wconf 83' lang='grc' dir='ltr'><strong><em>μους</em></strong></span> <span class='ocrx_word' id='word_1_35' title='bbox 182 705 345 788; x_wconf 73' lang='grc' dir='ltr'><strong><em>λόγουςῖ</em></strong></span> <span class='ocrx_word' id='word_1_36' title='bbox 373 704 468 783; x_wconf 87' lang='lat' dir='ltr'><strong>Quod</strong></span> <span class='ocrx_word' id='word_1_37' title='bbox 481 706 560 771; x_wconf 90' lang='lat' dir='ltr'><strong>adeo</strong></span> <span class='ocrx_word' id='word_1_38' title='bbox 575 705 734 791; x_wconf 86' lang='lat' dir='ltr'><strong>probavit,</strong></span> <span class='ocrx_word' id='word_1_39' title='bbox 746 711 784 772; x_wconf 91' lang='lat' dir='ltr'><strong>ut</strong></span> <span class='ocrx_word' id='word_1_40' title='bbox 796 711 935 792; x_wconf 84' lang='lat' dir='ltr'><strong>repetet:</strong></span> <span class='ocrx_word' id='word_1_41' title='bbox 958 705 1077 773; x_wconf 69' lang='grc' dir='ltr'><strong><em>“Ἀλλ’</em></strong></span> <span class='ocrx_word' id='word_1_42' title='bbox 1097 724 1131 774; x_wconf 75' lang='lat'><strong>12</strong></span> 
     </span>
     <span class='ocr_line' id='line_1_7' title="bbox 64 793 1077 881; baseline 0.003 -22"><span class='ocrx_word' id='word_1_43' title='bbox 64 795 193 879; x_wconf 79' lang='grc' dir='ltr'><strong><em>ὥσπερ</em></strong></span> <span class='ocrx_word' id='word_1_44' title='bbox 213 793 255 860; x_wconf 77' lang='grc' dir='ltr'><strong>ἐν</strong></span> <span class='ocrx_word' id='word_1_45' title='bbox 272 806 357 871; x_wconf 81' lang='grc' dir='ltr'><strong><em>ταῖς</em></strong></span> <span class='ocrx_word' id='word_1_46' title='bbox 372 795 652 879; x_wconf 70' lang='grc' dir='ltr'><strong><em>ἱπποδρομίαις</em></strong></span> <span class='ocrx_word' id='word_1_47' title='bbox 670 798 726 872; x_wconf 77' lang='grc' dir='ltr'><strong>εἰς</strong></span> <span class='ocrx_word' id='word_1_48' title='bbox 740 797 808 862; x_wconf 87' lang='grc' dir='ltr'><strong>τὸν</strong></span> <span class='ocrx_word' id='word_1_49' title='bbox 826 805 895 862; x_wconf 85' lang='grc' dir='ltr'><strong>τοῦ</strong></span> <span class='ocrx_word' id='word_1_50' title='bbox 909 797 1077 881; x_wconf 78' lang='grc' dir='ltr'><strong><em>πράγμα-</em></strong></span> 
     </span>
     <span class='ocr_line' id='line_1_8' title="bbox 62 883 1078 969; baseline 0.002 -21"><span class='ocrx_word' id='word_1_51' title='bbox 62 899 131 960; x_wconf 85' lang='grc' dir='ltr'><strong>τος</strong></span> <span class='ocrx_word' id='word_1_52' title='bbox 147 883 267 948; x_wconf 85' lang='grc' dir='ltr'><strong><em>αὐτὸν</em></strong></span> <span class='ocrx_word' id='word_1_53' title='bbox 281 884 429 969; x_wconf 79' lang='grc' dir='ltr'><strong><em>δρόμον</em></strong></span> <span class='ocrx_word' id='word_1_54' title='bbox 443 884 711 949; x_wconf 68' lang='grc' dir='ltr'><strong><em>εἰσελαύνετε.</em></strong></span> <span class='ocrx_word' id='word_1_55' title='bbox 734 883 803 950; x_wconf 89' lang='lat' dir='ltr'><strong>Iam</strong></span> <span class='ocrx_word' id='word_1_56' title='bbox 816 886 874 950; x_wconf 91' lang='lat' dir='ltr'><strong>illa</strong></span> <span class='ocrx_word' id='word_1_57' title='bbox 887 887 1078 959; x_wconf 89' lang='lat' dir='ltr'><strong>custoditius</strong></span> 
     </span>
     <span class='ocr_line' id='line_1_9' title="bbox 63 969 1080 1058; baseline 0.003 -22"><span class='ocrx_word' id='word_1_58' title='bbox 63 973 283 1056; x_wconf 84' lang='lat' dir='ltr'><strong>pressiusque:</strong></span> <span class='ocrx_word' id='word_1_59' title='bbox 298 972 372 1036; x_wconf 69' lang='lat' dir='ltr'><strong>‘Ed</strong></span> <span class='ocrx_word' id='word_1_60' title='bbox 387 969 429 1038; x_wconf 74' lang='grc' dir='ltr'><strong>δὲ</strong></span> <span class='ocrx_word' id='word_1_61' title='bbox 444 971 687 1058; x_wconf 82' lang='grc' dir='ltr'><strong><em>ἑλκοποιεῑς’,</em></strong></span> <span class='ocrx_word' id='word_1_62' title='bbox 701 973 737 1058; x_wconf 68' lang='lat' dir='ltr'><strong>‘d</strong></span> <span class='ocrx_word' id='word_1_63' title='bbox 751 977 1016 1058; x_wconf 75' lang='grc' dir='ltr'><strong><em>συλλαβόντες</em></strong></span> <span class='ocrx_word' id='word_1_64' title='bbox 1030 975 1080 1052; x_wconf 84' lang='grc' dir='ltr'><strong>ὡς</strong></span> 
     </span>
     <span class='ocr_line' id='line_1_10' title="bbox 64 1063 1078 1148; baseline 0 -20"><span class='ocrx_word' id='word_1_65' title='bbox 64 1063 213 1146; x_wconf 73' lang='grc' dir='ltr'><strong><em>λῃστὴν</em></strong></span> <span class='ocrx_word' id='word_1_66' title='bbox 235 1073 313 1126; x_wconf 84' lang='grc' dir='ltr'><strong>τῶν</strong></span> <span class='ocrx_word' id='word_1_67' title='bbox 334 1063 571 1148; x_wconf 77' lang='grc' dir='ltr'><strong><em>πραγμάτων</em></strong></span> <span class='ocrx_word' id='word_1_68' title='bbox 595 1063 659 1127; x_wconf 81' lang='grc' dir='ltr'><strong>διὰ</strong></span> <span class='ocrx_word' id='word_1_69' title='bbox 682 1072 747 1146; x_wconf 76' lang='grc' dir='ltr'><strong>τῆς</strong></span> <span class='ocrx_word' id='word_1_70' title='bbox 769 1065 971 1142; x_wconf 83' lang='grc' dir='ltr'><strong><em>πολιτείας</em></strong></span> <span class='ocrx_word' id='word_1_71' title='bbox 989 1063 1078 1129; x_wconf 82' lang='grc' dir='ltr'><strong><em>πλέ-</em></strong></span> 
     </span>
    </p>

    <p class='ocr_par' dir='ltr' id='par_1_4' title="bbox 23 1149 1133 1592">
     <span class='ocr_line' id='line_1_11' title="bbox 23 1149 1133 1237; baseline 0.002 -22"><span class='ocrx_word' id='word_1_72' title='bbox 23 1181 49 1224; x_wconf 70' lang='lat'><strong>20</strong></span> <span class='ocrx_word' id='word_1_73' title='bbox 64 1149 183 1234; x_wconf 82' lang='grc' dir='ltr'><strong><em>οντα’,</em></strong></span> <span class='ocrx_word' id='word_1_74' title='bbox 207 1155 239 1215; x_wconf 90' lang='lat' dir='ltr'><strong>et</strong></span> <span class='ocrx_word' id='word_1_75' title='bbox 261 1151 350 1215; x_wconf 72' lang='lat' dir='ltr'><strong>alia?</strong></span> <span class='ocrx_word' id='word_1_76' title='bbox 378 1150 534 1235; x_wconf 79' lang='lat' dir='ltr'><strong>Expecto,</strong></span> <span class='ocrx_word' id='word_1_77' title='bbox 556 1155 594 1216; x_wconf 90' lang='lat' dir='ltr'><strong>ut</strong></span> <span class='ocrx_word' id='word_1_78' title='bbox 607 1152 772 1234; x_wconf 48' lang='lat' dir='ltr'><strong>‘quaedam</strong></span> <span class='ocrx_word' id='word_1_79' title='bbox 795 1175 835 1216; x_wconf 88' lang='lat' dir='ltr'><strong>ex</strong></span> <span class='ocrx_word' id='word_1_80' title='bbox 857 1152 918 1216; x_wconf 89' lang='lat' dir='ltr'><strong>hac</strong></span> <span class='ocrx_word' id='word_1_81' title='bbox 941 1154 1079 1237; x_wconf 78' lang='lat' dir='ltr'><strong>epistula</strong></span> <span class='ocrx_word' id='word_1_82' title='bbox 1099 1169 1133 1217; x_wconf 83' lang='lat'><strong>13</strong></span> 
     </span>
     <span class='ocr_line' id='line_1_12' title="bbox 63 1239 1078 1326; baseline 0.003 -24"><span class='ocrx_word' id='word_1_83' title='bbox 63 1243 103 1303; x_wconf 88' lang='lat' dir='ltr'><strong>ut</strong></span> <span class='ocrx_word' id='word_1_84' title='bbox 139 1240 221 1303; x_wconf 91' lang='lat' dir='ltr'><strong>illud</strong></span> <span class='ocrx_word' id='word_1_85' title='bbox 257 1239 537 1326; x_wconf 69' lang='lat' dir='ltr'><strong>‘gubernacula</strong></span> <span class='ocrx_word' id='word_1_86' title='bbox 573 1241 746 1325; x_wconf 82' lang='lat' dir='ltr'><strong>gemunt&#39;</strong></span> <span class='ocrx_word' id='word_1_87' title='bbox 783 1246 816 1305; x_wconf 88' lang='lat' dir='ltr'><strong>et</strong></span> <span class='ocrx_word' id='word_1_88' title='bbox 852 1240 926 1306; x_wconf 79' lang='lat' dir='ltr'><strong>‘dis</strong></span> <span class='ocrx_word' id='word_1_89' title='bbox 963 1241 1078 1306; x_wconf 87' lang='lat' dir='ltr'><strong>maris</strong></span> 
     </span>
     <span class='ocr_line' id='line_1_13' title="bbox 63 1328 1080 1414; baseline 0.002 -22"><span class='ocrx_word' id='word_1_90' title='bbox 63 1328 280 1412; x_wconf 87' lang='lat' dir='ltr'><strong>proximus’</strong></span> <span class='ocrx_word' id='word_1_91' title='bbox 303 1329 404 1393; x_wconf 88' lang='lat' dir='ltr'><strong>isdem</strong></span> <span class='ocrx_word' id='word_1_92' title='bbox 426 1329 512 1393; x_wconf 88' lang='lat' dir='ltr'><strong>notis</strong></span> <span class='ocrx_word' id='word_1_93' title='bbox 536 1329 651 1412; x_wconf 88' lang='lat' dir='ltr'><strong>quibus</strong></span> <span class='ocrx_word' id='word_1_94' title='bbox 675 1353 729 1414; x_wconf 88' lang='lat' dir='ltr'><strong>ea,</strong></span> <span class='ocrx_word' id='word_1_95' title='bbox 761 1330 941 1413; x_wconf 82' lang='lat' dir='ltr'><strong>dequibus</strong></span> <span class='ocrx_word' id='word_1_96' title='bbox 964 1330 1080 1414; x_wconf 89' lang='lat' dir='ltr'><strong>scribo,</strong></span> 
     </span>
     <span class='ocr_line' id='line_1_14' title="bbox 63 1415 1079 1503; baseline 0 -19"><span class='ocrx_word' id='word_1_97' title='bbox 63 1417 240 1484; x_wconf 74' lang='lat' dir='ltr'><strong>confodias.</strong></span> <span class='ocrx_word' id='word_1_98' title='bbox 285 1415 443 1503; x_wconf 82' lang='lat' dir='ltr'><strong>Intellego</strong></span> <span class='ocrx_word' id='word_1_99' title='bbox 467 1418 552 1483; x_wconf 87' lang='lat' dir='ltr'><strong>enim</strong></span> <span class='ocrx_word' id='word_1_100' title='bbox 575 1441 640 1501; x_wconf 86' lang='lat' dir='ltr'><strong>me,</strong></span> <span class='ocrx_word' id='word_1_101' title='bbox 670 1419 746 1483; x_wconf 89' lang='lat' dir='ltr'><strong>dum</strong></span> <span class='ocrx_word' id='word_1_102' title='bbox 769 1419 895 1484; x_wconf 87' lang='lat' dir='ltr'><strong>veniam</strong></span> <span class='ocrx_word' id='word_1_103' title='bbox 918 1419 1079 1503; x_wconf 87' lang='lat' dir='ltr'><strong>prioribus</strong></span> 
     </span>
     <span class='ocr_line' id='line_1_15' title="bbox 64 1506 1080 1592; baseline 0.001 -21"><span class='ocrx_word' id='word_1_104' title='bbox 64 1511 160 1590; x_wconf 88' lang='lat' dir='ltr'><strong>peto,</strong></span> <span class='ocrx_word' id='word_1_105' title='bbox 191 1506 226 1570; x_wconf 90' lang='lat' dir='ltr'><strong>in</strong></span> <span class='ocrx_word' id='word_1_106' title='bbox 247 1507 305 1572; x_wconf 87' lang='lat' dir='ltr'><strong>illa</strong></span> <span class='ocrx_word' id='word_1_107' title='bbox 333 1507 418 1590; x_wconf 89' lang='lat' dir='ltr'><strong>ipsa,</strong></span> <span class='ocrx_word' id='word_1_108' title='bbox 450 1529 530 1591; x_wconf 91' lang='lat' dir='ltr'><strong>quae</strong></span> <span class='ocrx_word' id='word_1_109' title='bbox 557 1508 781 1592; x_wconf 76' lang='lat' dir='ltr'><strong>adnotaveras,</strong></span> <span class='ocrx_word' id='word_1_110' title='bbox 811 1507 970 1574; x_wconf 87' lang='lat' dir='ltr'><strong>incidisse.</strong></span> <span class='ocrx_word' id='word_1_111' title='bbox 1016 1507 1080 1573; x_wconf 81' lang='lat' dir='ltr'><strong>Sed</strong></span> 
     </span>
    </p>

    <p class='ocr_par' dir='ltr' id='par_1_5' title="bbox 22 1594 1081 1928">
     <span class='ocr_line' id='line_1_16' title="bbox 22 1594 1081 1681; baseline 0 -20"><span class='ocrx_word' id='word_1_112' title='bbox 22 1594 231 1668; x_wconf 69' lang='lat' dir='ltr'><strong>25‚confodias</strong></span> <span class='ocrx_word' id='word_1_113' title='bbox 254 1597 346 1678; x_wconf 86' lang='lat' dir='ltr'><strong>licat,</strong></span> <span class='ocrx_word' id='word_1_114' title='bbox 377 1596 454 1660; x_wconf 89' lang='lat' dir='ltr'><strong>dum</strong></span> <span class='ocrx_word' id='word_1_115' title='bbox 482 1597 578 1660; x_wconf 94' lang='lat' dir='ltr'><strong>modo</strong></span> <span class='ocrx_word' id='word_1_116' title='bbox 607 1597 671 1661; x_wconf 88' lang='lat' dir='ltr'><strong>iam</strong></span> <span class='ocrx_word' id='word_1_117' title='bbox 698 1619 785 1663; x_wconf 89' lang='lat' dir='ltr'><strong>nuno</strong></span> <span class='ocrx_word' id='word_1_118' title='bbox 817 1597 956 1663; x_wconf 83' lang='lat' dir='ltr'><strong>destines</strong></span> <span class='ocrx_word' id='word_1_119' title='bbox 986 1598 1081 1681; x_wconf 90' lang='lat' dir='ltr'><strong>diem,</strong></span> 
     </span>
     <span class='ocr_line' id='line_1_17' title="bbox 64 1684 1079 1772; baseline 0.003 -25"><span class='ocrx_word' id='word_1_120' title='bbox 64 1706 131 1769; x_wconf 90' lang='lat' dir='ltr'><strong>quo</strong></span> <span class='ocrx_word' id='word_1_121' title='bbox 164 1689 196 1749; x_wconf 89' lang='lat' dir='ltr'><strong>et</strong></span> <span class='ocrx_word' id='word_1_122' title='bbox 227 1684 266 1750; x_wconf 90' lang='lat' dir='ltr'><strong>de</strong></span> <span class='ocrx_word' id='word_1_123' title='bbox 297 1685 362 1750; x_wconf 82' lang='lat' dir='ltr'><strong>illis</strong></span> <span class='ocrx_word' id='word_1_124' title='bbox 395 1690 427 1749; x_wconf 92' lang='lat' dir='ltr'><strong>et</strong></span> <span class='ocrx_word' id='word_1_125' title='bbox 459 1685 497 1749; x_wconf 90' lang='lat' dir='ltr'><strong>de</strong></span> <span class='ocrx_word' id='word_1_126' title='bbox 527 1684 579 1749; x_wconf 90' lang='lat' dir='ltr'><strong>his</strong></span> <span class='ocrx_word' id='word_1_127' title='bbox 611 1707 719 1750; x_wconf 86' lang='lat' dir='ltr'><strong>coram</strong></span> <span class='ocrx_word' id='word_1_128' title='bbox 751 1687 877 1772; x_wconf 84' lang='lat' dir='ltr'><strong>exigere</strong></span> <span class='ocrx_word' id='word_1_129' title='bbox 908 1687 1079 1770; x_wconf 89' lang='lat' dir='ltr'><strong>possimus.</strong></span> 
     </span>
     <span class='ocr_line' id='line_1_18' title="bbox 63 1773 1081 1926; baseline 0.004 -88"><span class='ocrx_word' id='word_1_130' title='bbox 63 1773 140 1838; x_wconf 87' lang='lat' dir='ltr'><strong>Aut</strong></span> <span class='ocrx_word' id='word_1_131' title='bbox 158 1774 302 1926; x_wconf 52' lang='lat' dir='ltr'><strong>enipyialtu</strong></span> <span class='ocrx_word' id='word_1_132' title='bbox 325 1796 376 1838; x_wconf 90' lang='lat' dir='ltr'><strong>me</strong></span> <span class='ocrx_word' id='word_1_133' title='bbox 406 1773 555 1838; x_wconf 90' lang='lat' dir='ltr'><strong>timidum</strong></span> <span class='ocrx_word' id='word_1_134' title='bbox 583 1779 640 1838; x_wconf 91' lang='lat' dir='ltr'><strong>aut</strong></span> <span class='ocrx_word' id='word_1_135' title='bbox 662 1796 722 1861; x_wconf 84' lang='lat' dir='ltr'><strong>ego</strong></span> <span class='ocrx_word' id='word_1_136' title='bbox 752 1780 785 1841; x_wconf 88' lang='lat' dir='ltr'><strong>te</strong></span> <span class='ocrx_word' id='word_1_137' title='bbox 807 1776 1012 1840; x_wconf 88' lang='lat' dir='ltr'><strong>temerarium</strong></span> <span class='ocrx_word' id='word_1_138' title='bbox 1035 1777 1081 1842; x_wconf 85' lang='lat' dir='ltr'><strong>fa-</strong></span> 
     </span>
     <span class='ocr_line' id='line_1_19' title="bbox 63 1883 294 1928; baseline -0.009 0"><span class='ocrx_word' id='word_1_139' title='bbox 63 1883 158 1928; x_wconf 79' lang='lat' dir='ltr'><strong>olam.</strong></span> <span class='ocrx_word' id='word_1_140' title='bbox 267 1885 294 1927; x_wconf 88' lang='lat' dir='ltr'><strong>e.</strong></span> 
     </span>
    </p>
   </div>
   <div class='ocr_carea' id='block_1_3' title="bbox 21 1993 835 2146">
    <p class='ocr_par' dir='ltr' id='par_1_6' title="bbox 21 1993 835 2146">
     <span class='ocr_line' id='line_1_20' title="bbox 515 1993 637 2051; baseline -0.008 0"><span class='ocrx_word' id='word_1_141' title='bbox 515 1993 637 2051; x_wconf 78' lang='lat' dir='ltr'>xxvss.</span> 
     </span>
     <span class='ocr_line' id='line_1_21' title="bbox 21 2091 835 2146; baseline -0.007 0"><span class='ocrx_word' id='word_1_142' title='bbox 21 2107 48 2146; x_wconf 74' lang='grc' dir='ltr'><strong><em>ει</em></strong></span> <span class='ocrx_word' id='word_1_143' title='bbox 317 2091 345 2140; x_wconf 85' lang='lat' dir='ltr'><strong>c.</strong></span> <span class='ocrx_word' id='word_1_144' title='bbox 368 2093 507 2140; x_wconf 79' lang='lat' dir='ltr'><strong>annms</strong></span> <span class='ocrx_word' id='word_1_145' title='bbox 531 2093 694 2141; x_wconf 76' lang='lat' dir='ltr'><strong>PATERNO</strong></span> <span class='ocrx_word' id='word_1_146' title='bbox 719 2093 784 2142; x_wconf 90' lang='lat' dir='ltr'><strong>suo</strong></span> <span class='ocrx_word' id='word_1_147' title='bbox 810 2093 835 2141; x_wconf 82' lang='lat' dir='ltr'><strong>s</strong></span> 
     </span>
    </p>
   </div>
   <div class='ocr_carea' id='block_1_4' title="bbox 7 2180 1115 3158">
    <p class='ocr_par' dir='ltr' id='par_1_7' title="bbox 63 2180 1115 2534">
     <span class='ocr_line' id='line_1_22' title="bbox 135 2180 1115 2270; baseline 0.005 -25"><span class='ocrx_word' id='word_1_148' title='bbox 135 2180 261 2259; x_wconf 82' lang='lat' dir='ltr'><strong>Quanta</strong></span> <span class='ocrx_word' id='word_1_149' title='bbox 283 2186 439 2267; x_wconf 87' lang='lat' dir='ltr'><strong>potestas,</strong></span> <span class='ocrx_word' id='word_1_150' title='bbox 462 2188 582 2266; x_wconf 89' lang='lat' dir='ltr'><strong>quanta</strong></span> <span class='ocrx_word' id='word_1_151' title='bbox 605 2184 757 2270; x_wconf 76' lang='lat' dir='ltr'><strong>dignitas,</strong></span> <span class='ocrx_word' id='word_1_152' title='bbox 780 2183 900 2267; x_wconf 86' lang='lat' dir='ltr'><strong>quanta</strong></span> <span class='ocrx_word' id='word_1_153' title='bbox 922 2183 1080 2267; x_wconf 87' lang='lat' dir='ltr'><strong>maiestas,</strong></span> <span class='ocrx_word' id='word_1_154' title='bbox 1100 2201 1115 2250; x_wconf 85' lang='lat'>1</span> 
     </span>
     <span class='ocr_line' id='line_1_23' title="bbox 64 2272 1082 2357; baseline 0.003 -23"><span class='ocrx_word' id='word_1_155' title='bbox 64 2275 230 2356; x_wconf 69' lang='lat' dir='ltr'><strong>quantumv</strong></span> <span class='ocrx_word' id='word_1_156' title='bbox 248 2272 383 2355; x_wconf 90' lang='lat' dir='ltr'><strong>denique</strong></span> <span class='ocrx_word' id='word_1_157' title='bbox 406 2294 526 2336; x_wconf 89' lang='lat' dir='ltr'><strong>numen</strong></span> <span class='ocrx_word' id='word_1_158' title='bbox 549 2273 591 2337; x_wconf 91' lang='lat' dir='ltr'><strong>sit</strong></span> <span class='ocrx_word' id='word_1_159' title='bbox 613 2272 775 2357; x_wconf 83' lang='lat' dir='ltr'><strong>historiae,</strong></span> <span class='ocrx_word' id='word_1_160' title='bbox 803 2294 875 2337; x_wconf 91' lang='lat' dir='ltr'><strong>oum</strong></span> <span class='ocrx_word' id='word_1_161' title='bbox 897 2272 1082 2356; x_wconf 83' lang='lat' dir='ltr'><strong>frequenter</strong></span> 
     </span>
     <span class='ocr_line' id='line_1_24' title="bbox 64 2361 1080 2444; baseline 0.002 -20"><span class='ocrx_word' id='word_1_162' title='bbox 64 2361 147 2438; x_wconf 85' lang='lat' dir='ltr'><strong>alias</strong></span> <span class='ocrx_word' id='word_1_163' title='bbox 160 2364 230 2424; x_wconf 86' lang='lat' dir='ltr'><strong>tum</strong></span> <span class='ocrx_word' id='word_1_164' title='bbox 244 2361 390 2444; x_wconf 81' lang='lat' dir='ltr'><strong>proxime</strong></span> <span class='ocrx_word' id='word_1_165' title='bbox 400 2362 493 2425; x_wconf 89' lang='lat' dir='ltr'><strong>sensi.</strong></span> <span class='ocrx_word' id='word_1_166' title='bbox 516 2361 720 2426; x_wconf 84' lang='lat' dir='ltr'><strong>Recitaverat</strong></span> <span class='ocrx_word' id='word_1_167' title='bbox 732 2362 865 2444; x_wconf 84' lang='lat' dir='ltr'><strong>quidam</strong></span> <span class='ocrx_word' id='word_1_168' title='bbox 878 2362 1080 2427; x_wconf 86' lang='lat' dir='ltr'><strong>verissimum</strong></span> 
     </span>
     <span class='ocr_line' id='line_1_25' title="bbox 63 2450 1080 2534; baseline 0.001 -21"><span class='ocrx_word' id='word_1_169' title='bbox 63 2450 186 2514; x_wconf 85' lang='lat' dir='ltr'><strong>librum</strong></span> <span class='ocrx_word' id='word_1_170' title='bbox 219 2452 405 2534; x_wconf 88' lang='lat' dir='ltr'><strong>partemque</strong></span> <span class='ocrx_word' id='word_1_171' title='bbox 437 2451 505 2514; x_wconf 89' lang='lat' dir='ltr'><strong>eius</strong></span> <span class='ocrx_word' id='word_1_172' title='bbox 537 2450 572 2514; x_wconf 90' lang='lat' dir='ltr'><strong>in</strong></span> <span class='ocrx_word' id='word_1_173' title='bbox 603 2451 702 2515; x_wconf 81' lang='lat' dir='ltr'><strong>adium</strong></span> <span class='ocrx_word' id='word_1_174' title='bbox 735 2450 819 2515; x_wconf 87' lang='lat' dir='ltr'><strong>diam</strong></span> <span class='ocrx_word' id='word_1_175' title='bbox 855 2455 1080 2516; x_wconf 84' lang='lat' dir='ltr'><strong>reservaverat.</strong></span> 
     </span>
    </p>

    <p class='ocr_par' dir='ltr' id='par_1_8' title="bbox 21 2537 1115 2892">
     <span class='ocr_line' id='line_1_26' title="bbox 21 2537 1115 2625; baseline 0.004 -23"><span class='ocrx_word' id='word_1_176' title='bbox 21 2569 49 2609; x_wconf 71' lang='lat'><strong>25</strong></span> <span class='ocrx_word' id='word_1_177' title='bbox 64 2537 153 2602; x_wconf 82' lang='lat' dir='ltr'><strong>Ecce</strong></span> <span class='ocrx_word' id='word_1_178' title='bbox 183 2537 278 2602; x_wconf 85' lang='lat' dir='ltr'><strong>amici</strong></span> <span class='ocrx_word' id='word_1_179' title='bbox 308 2539 472 2604; x_wconf 85' lang='lat' dir='ltr'><strong>cuiusdam</strong></span> <span class='ocrx_word' id='word_1_180' title='bbox 505 2543 631 2605; x_wconf 86' lang='lat' dir='ltr'><strong>orantes</strong></span> <span class='ocrx_word' id='word_1_181' title='bbox 662 2540 941 2625; x_wconf 78' lang='lat' dir='ltr'><strong>obsecrantesque,</strong></span> <span class='ocrx_word' id='word_1_182' title='bbox 967 2561 1007 2604; x_wconf 89' lang='lat' dir='ltr'><strong>ne</strong></span> <span class='ocrx_word' id='word_1_183' title='bbox 1034 2557 1115 2606; x_wconf 76' lang='lat' dir='ltr'><strong>rea</strong></span> 
     </span>
     <span class='ocr_line' id='line_1_27' title="bbox 64 2627 1082 2714; baseline 0 -22"><span class='ocrx_word' id='word_1_184' title='bbox 64 2629 157 2710; x_wconf 81' lang='lat' dir='ltr'><strong>lique</strong></span> <span class='ocrx_word' id='word_1_185' title='bbox 179 2628 335 2692; x_wconf 88' lang='lat' dir='ltr'><strong>recitaret.</strong></span> <span class='ocrx_word' id='word_1_186' title='bbox 372 2627 493 2692; x_wconf 81' lang='lat' dir='ltr'><strong>Tantus</strong></span> <span class='ocrx_word' id='word_1_187' title='bbox 517 2629 675 2712; x_wconf 85' lang='lat' dir='ltr'><strong>audiendi,</strong></span> <span class='ocrx_word' id='word_1_188' title='bbox 699 2650 780 2711; x_wconf 88' lang='lat' dir='ltr'><strong>quae</strong></span> <span class='ocrx_word' id='word_1_189' title='bbox 802 2629 945 2714; x_wconf 82' lang='lat' dir='ltr'><strong>fecerint,</strong></span> <span class='ocrx_word' id='word_1_190' title='bbox 969 2629 1082 2713; x_wconf 87' lang='lat' dir='ltr'><strong>pudor,</strong></span> 
     </span>
     <span class='ocr_line' id='line_1_28' title="bbox 65 2716 1082 2800; baseline 0.002 -20"><span class='ocrx_word' id='word_1_191' title='bbox 65 2717 186 2800; x_wconf 86' lang='lat' dir='ltr'><strong>quibua</strong></span> <span class='ocrx_word' id='word_1_192' title='bbox 217 2717 326 2781; x_wconf 91' lang='lat' dir='ltr'><strong>nullus</strong></span> <span class='ocrx_word' id='word_1_193' title='bbox 357 2716 509 2800; x_wconf 85' lang='lat' dir='ltr'><strong>faciendi,</strong></span> <span class='ocrx_word' id='word_1_194' title='bbox 541 2739 622 2800; x_wconf 89' lang='lat' dir='ltr'><strong>quae</strong></span> <span class='ocrx_word' id='word_1_195' title='bbox 652 2718 761 2783; x_wconf 87' lang='lat' dir='ltr'><strong>audire</strong></span> <span class='ocrx_word' id='word_1_196' title='bbox 791 2719 992 2783; x_wconf 89' lang='lat' dir='ltr'><strong>erubescunt.</strong></span> <span class='ocrx_word' id='word_1_197' title='bbox 1037 2716 1082 2782; x_wconf 79' lang='lat' dir='ltr'><strong>Et</strong></span> 
     </span>
     <span class='ocr_line' id='line_1_29' title="bbox 64 2805 1081 2892; baseline 0 -22"><span class='ocrx_word' id='word_1_198' title='bbox 64 2807 124 2870; x_wconf 89' lang='lat' dir='ltr'><strong>ille</strong></span> <span class='ocrx_word' id='word_1_199' title='bbox 152 2805 281 2888; x_wconf 90' lang='lat' dir='ltr'><strong>quidem</strong></span> <span class='ocrx_word' id='word_1_200' title='bbox 308 2807 482 2890; x_wconf 89' lang='lat' dir='ltr'><strong>praestitit,</strong></span> <span class='ocrx_word' id='word_1_201' title='bbox 515 2807 601 2890; x_wconf 92' lang='lat' dir='ltr'><strong>quod</strong></span> <span class='ocrx_word' id='word_1_202' title='bbox 628 2808 815 2892; x_wconf 82' lang='lat' dir='ltr'><strong>rogabatur3</strong></span> <span class='ocrx_word' id='word_1_203' title='bbox 843 2808 966 2872; x_wconf 88' lang='lat' dir='ltr'><strong>sinebat</strong></span> <span class='ocrx_word' id='word_1_204' title='bbox 993 2807 1081 2871; x_wconf 89' lang='lat' dir='ltr'><strong>fides.</strong></span> 
     </span>
    </p>

    <p class='ocr_par' dir='ltr' id='par_1_9' title="bbox 7 2893 1081 2980">
     <span class='ocr_line' id='line_1_30' title="bbox 7 2893 1081 2980; baseline 0.002 -23"><span class='ocrx_word' id='word_1_205' title='bbox 7 2919 11 2928; x_wconf 64' lang='lat'><strong><em>¹</em></strong></span> <span class='ocrx_word' id='word_1_206' title='bbox 65 2893 167 2958; x_wconf 88' lang='lat' dir='ltr'><strong>Liber</strong></span> <span class='ocrx_word' id='word_1_207' title='bbox 201 2898 311 2959; x_wconf 89' lang='lat' dir='ltr'><strong>tamen</strong></span> <span class='ocrx_word' id='word_1_208' title='bbox 340 2899 378 2959; x_wconf 92' lang='lat' dir='ltr'><strong>ut</strong></span> <span class='ocrx_word' id='word_1_209' title='bbox 413 2896 534 2959; x_wconf 84' lang='lat' dir='ltr'><strong>factum</strong></span> <span class='ocrx_word' id='word_1_210' title='bbox 566 2896 673 2979; x_wconf 89' lang='lat' dir='ltr'><strong>ipsum</strong></span> <span class='ocrx_word' id='word_1_211' title='bbox 704 2900 827 2980; x_wconf 86' lang='lat' dir='ltr'><strong>manet,</strong></span> <span class='ocrx_word' id='word_1_212' title='bbox 860 2896 1003 2960; x_wconf 89' lang='lat' dir='ltr'><strong>manebit</strong></span> <span class='ocrx_word' id='word_1_213' title='bbox 1037 2897 1081 2960; x_wconf 87' lang='lat' dir='ltr'><strong>le·</strong></span> 
     </span>
    </p>

    <p class='ocr_par' dir='ltr' id='par_1_10' title="bbox 21 2981 1082 3158">
     <span class='ocr_line' id='line_1_31' title="bbox 21 2981 1082 3070; baseline -0.001 -22"><span class='ocrx_word' id='word_1_214' title='bbox 21 2987 225 3070; x_wconf 67' lang='lat' dir='ltr'><strong>augeturque</strong></span> <span class='ocrx_word' id='word_1_215' title='bbox 249 3005 373 3068; x_wconf 86' lang='lat' dir='ltr'><strong>semper</strong></span> <span class='ocrx_word' id='word_1_216' title='bbox 395 2987 486 3048; x_wconf 88' lang='lat' dir='ltr'><strong>tanto</strong></span> <span class='ocrx_word' id='word_1_217' title='bbox 515 2985 627 3070; x_wconf 83' lang='lat' dir='ltr'><strong>magis,</strong></span> <span class='ocrx_word' id='word_1_218' title='bbox 651 2985 813 3068; x_wconf 88' lang='lat' dir='ltr'><strong>quianon</strong></span> <span class='ocrx_word' id='word_1_219' title='bbox 838 2987 955 3049; x_wconf 91' lang='lat' dir='ltr'><strong>statim.</strong></span> <span class='ocrx_word' id='word_1_220' title='bbox 1000 2981 1082 3049; x_wconf 88' lang='lat' dir='ltr'><strong>Inoi-</strong></span> 
     </span>
     <span class='ocr_line' id='line_1_32' title="bbox 65 3072 1081 3158; baseline 0.001 -21"><span class='ocrx_word' id='word_1_221' title='bbox 65 3075 180 3137; x_wconf 87' lang='lat' dir='ltr'><strong>tantur</strong></span> <span class='ocrx_word' id='word_1_222' title='bbox 199 3072 284 3137; x_wconf 87' lang='lat' dir='ltr'><strong>enim</strong></span> <span class='ocrx_word' id='word_1_223' title='bbox 306 3073 453 3137; x_wconf 89' lang='lat' dir='ltr'><strong>homines</strong></span> <span class='ocrx_word' id='word_1_224' title='bbox 474 3073 515 3138; x_wconf 89' lang='lat' dir='ltr'><strong>ad</strong></span> <span class='ocrx_word' id='word_1_225' title='bbox 534 3074 763 3158; x_wconf 85' lang='lat' dir='ltr'><strong>cognoscenda,</strong></span> <span class='ocrx_word' id='word_1_226' title='bbox 782 3096 862 3158; x_wconf 90' lang='lat' dir='ltr'><strong>qnae</strong></span> <span class='ocrx_word' id='word_1_227' title='bbox 882 3073 1081 3138; x_wconf 89' lang='lat' dir='ltr'><strong>differuntur.</strong></span> 
     </span>
    </p>
   </div>
   <div class='ocr_carea' id='block_1_5' title="bbox 65 3161 159 3226">
    <p class='ocr_par' dir='ltr' id='par_1_11' title="bbox 65 3161 159 3226">
     <span class='ocr_line' id='line_1_33' title="bbox 65 3161 159 3226; baseline -0.011 0"><span class='ocrx_word' id='word_1_228' title='bbox 65 3161 159 3226; x_wconf 86' lang='lat' dir='ltr'><strong>Vale.</strong></span> 
     </span>
    </p>
   </div>
   <div class='ocr_carea' id='block_1_6' title="bbox 66 3353 1081 3565">
    <p class='ocr_par' dir='ltr' id='par_1_12' title="bbox 66 3353 1081 3565">
     <span class='ocr_line' id='line_1_34' title="bbox 143 3353 1080 3424; baseline 0.001 -16"><span class='ocrx_word' id='word_1_229' title='bbox 143 3355 208 3411; x_wconf 77' lang='lat' dir='ltr'><strong>lib.</strong></span> <span class='ocrx_word' id='word_1_230' title='bbox 219 3359 279 3409; x_wconf 89' lang='lat'><em>101.</em></span> <span class='ocrx_word' id='word_1_231' title='bbox 328 3353 597 3424; x_wconf 76' lang='grc' dir='ltr'><strong><em>2ἐντῶφωτλΚ.Ι.</em></strong></span> <span class='ocrx_word' id='word_1_232' title='bbox 651 3356 793 3411; x_wconf 80' lang='lat' dir='ltr'><strong>aib.206.</strong></span> <span class='ocrx_word' id='word_1_233' title='bbox 842 3356 1009 3412; x_wconf 79' lang='lat' dir='ltr'><strong>5Timorch.</strong></span> <span class='ocrx_word' id='word_1_234' title='bbox 1020 3361 1080 3410; x_wconf 84' lang='lat'><strong><em>176.</em></strong></span> 
     </span>
     <span class='ocr_line' id='line_1_35' title="bbox 67 3410 1081 3496; baseline 0.001 -15"><span class='ocrx_word' id='word_1_235' title='bbox 67 3432 84 3480; x_wconf 83' lang='grc' dir='ltr'><strong><em>ι</em></strong></span> <span class='ocrx_word' id='word_1_236' title='bbox 114 3410 443 3492; x_wconf 62' lang='lat' dir='ltr'><strong>anastasianam,</strong></span> <span class='ocrx_word' id='word_1_237' title='bbox 467 3426 638 3482; x_wconf 72' lang='lat' dir='ltr'><strong>commodius</strong></span> <span class='ocrx_word' id='word_1_238' title='bbox 662 3427 750 3496; x_wconf 67' lang='grc' dir='ltr'><strong>ομς,</strong></span> <span class='ocrx_word' id='word_1_239' title='bbox 774 3428 843 3482; x_wconf 78' lang='lat' dir='ltr'><strong>KJ.</strong></span> <span class='ocrx_word' id='word_1_240' title='bbox 942 3434 958 3482; x_wconf 83' lang='lat' dir='ltr'><strong>a</strong></span> <span class='ocrx_word' id='word_1_241' title='bbox 986 3429 1081 3484; x_wconf 71' lang='lat' dir='ltr'><strong>Aaou.</strong></span> 
     </span>
     <span class='ocr_line' id='line_1_36' title="bbox 66 3499 292 3565; baseline -0.013 -10"><span class='ocrx_word' id='word_1_242' title='bbox 66 3499 212 3565; x_wconf 63' lang='lat' dir='ltr'><strong>otram</strong></span> <span class='ocrx_word' id='word_1_243' title='bbox 229 3501 292 3554; x_wconf 82' lang='lat'><strong><em>253.</em></strong></span> 
     </span>
    </p>
   </div>
   <div class='ocr_carea' id='block_1_7' title="bbox 123 3665 921 3714">
    <p class='ocr_par' dir='ltr' id='par_1_13' title="bbox 123 3665 921 3714">
     <span class='ocr_line' id='line_1_37' title="bbox 123 3665 921 3714; baseline 0.005 -4"><span class='ocrx_word' id='word_1_244' title='bbox 123 3670 195 3710; x_wconf 77' lang='lat' dir='ltr'><strong>Pnuu</strong></span> <span class='ocrx_word' id='word_1_245' title='bbox 208 3669 228 3710; x_wconf 75' lang='grc' dir='ltr'><strong>Ε</strong></span> <span class='ocrx_word' id='word_1_246' title='bbox 229 3679 353 3712; x_wconf 71' lang='lat' dir='ltr'><strong>uuuuuuuu</strong></span> <span class='ocrx_word' id='word_1_247' title='bbox 889 3665 921 3714; x_wconf 88' lang='grc'><strong>16</strong></span> 
     </span>
    </p>
   </div>
   <div class='ocr_carea' id='block_1_8' title="bbox 1230 265 1232 572">
    <p class='ocr_par' dir='ltr' id='par_1_14' title="bbox 1230 265 1232 572">
     <span class='ocr_line' id='line_1_38' title="bbox 1231 265 1232 318; baseline 0 0"><span class='ocrx_word' id='word_1_248' title='bbox 1231 265 1232 318; x_wconf 74' lang='grc' dir='ltr'><strong><em>λ</em></strong></span> 
     </span>
     <span class='ocr_line' id='line_1_39' title="bbox 1230 367 1232 410; baseline 0 0"><span class='ocrx_word' id='word_1_249' title='bbox 1230 367 1232 410; x_wconf 76' lang='grc' dir='ltr'><strong><em>ι</em></strong></span> 
     </span>
     <span class='ocr_line' id='line_1_40' title="bbox 1231 411 1232 468; baseline 0 0"><span class='ocrx_word' id='word_1_250' title='bbox 1231 411 1232 468; x_wconf 76' lang='grc' dir='ltr'><strong><em>λ</em></strong></span> 
     </span>
     <span class='ocr_line' id='line_1_41' title="bbox 1231 531 1232 572; baseline 0 0"><span class='ocrx_word' id='word_1_251' title='bbox 1231 531 1232 572; x_wconf 76' lang='grc' dir='ltr'><strong><em>ι</em></strong></span> 
     </span>
    </p>
   </div>
   <div class='ocr_carea' id='block_1_9' title="bbox 0 0 1244 3942">
    <p class='ocr_par' dir='ltr' id='par_1_15' title="bbox 0 0 1244 3942">
     <span class='ocr_line' id='line_1_42' title="bbox 0 0 1244 3942; baseline 0 0"><span class='ocrx_word' id='word_1_252' title='bbox 0 0 1244 3942; x_wconf 95' lang='lat' dir='ltr'><strong> </strong></span> 
     </span>
    </p>
   </div>
  </div>
 </body>
</html>
