2436 3942
318 131 577 186 EPISTULARUM
593 131 607 186 I
625 137 739 186 22-24.
991 133 1034 198 27

17 293 103 358 'bet
145 291 264 377 Habes,
288 294 365 377 quid
388 295 529 379 timeam,
548 295 626 380 quid
649 299 767 380 optem,
786 295 864 379 quid
886 296 983 360 etiam
1002 296 1037 360 in
1057 313 1088 361 12
1211 287 1216 354 s

0 386 187 459 posterum
218 382 389 469 destinem3
416 387 453 451 tu
484 385 561 469 quid
589 387 706 470 egeris,
734 385 812 468 quid
842 407 931 471 agas,
959 385 1036 468 quid

10 473 94 536 elis
130 493 238 557 agere,
270 473 408 537 invicem
441 473 549 556 nobis,
581 473 637 539 sed
667 473 856 539 laetioribus
889 475 1035 558 epistulis

1 561 132 625 scribe.
179 559 251 624 Erit
275 562 457 627 confusioni
483 585 572 627 meae
599 585 666 627 non
689 563 847 629 mediocre
871 562 1036 646 solacium,

1 650 32 713 si
60 655 105 714 tu
131 649 214 713 nihil
238 651 387 733 quereris.
434 650 524 716 Vale.

473 817 583 876 XXIH.

182 915 211 962 c.
234 915 373 964 ennius
398 916 554 965 eouemo
579 917 733 965 rinconi
756 917 822 965 suo
847 917 874 965 s.

78 1003 243 1089 Consulis
263 1027 304 1069 an
322 1005 502 1070 existimem
520 1011 552 1071 te
571 1008 606 1071 in
623 1008 790 1072 tribunatu
809 1028 920 1071 causas
939 1029 1035 1092 agere
1055 1023 1069 1072 1

1 1094 141 1158 debere.
180 1092 361 1159 Plurimum
384 1095 490 1179 refert,
514 1096 592 1179 quid
615 1117 683 1160 esse
706 1095 907 1160 tribunatum
930 1101 1034 1180 putes,
1152 1117 1153 1120 ’
1214 1170 1215 1173 ¹

1 1182 147 1247 inanem
170 1184 317 1247 umbram
341 1186 373 1247 et
396 1185 465 1248 sine
488 1185 609 1249 honore
634 1205 753 1249 nomen
776 1206 818 1248 an
840 1187 1000 1267 potestate
1064 1119 1168 1310 βψ
1216 1246 1218 1273 ,

2 1276 263 1354 sauromatem,
286 1275 319 1336 et
341 1294 438 1357 quam
461 1274 495 1337 in
515 1271 658 1337 ordinem
682 1274 755 1359 cogi
777 1276 815 1336 nt
838 1295 857 1336 a
879 1272 970 1337 nullo
990 1274 1036 1338 ita
1059 1283 1060 1288 ’
1132 1229 1187 1334 b*

2 1383 48 1424 ne
80 1383 104 1424 a
135 1382 169 1424 se
201 1360 331 1444 quidem
365 1361 482 1426 deceat.
528 1359 601 1446 Ipse
634 1383 708 1426 cum
739 1361 890 1426 tribunus
923 1383 1035 1446 essem,
1054 1379 1112 1450 2ss

4 1449 189 1514 erraverim
217 1450 366 1534 fortasse,
395 1451 451 1534 qui
478 1473 529 1516 me
557 1449 679 1532 aliquid
708 1450 833 1534 putavi,
861 1451 931 1535 sed,
954 1454 1035 1515 tam-

5 1559 115 1622 quam
148 1560 265 1621 essem,
294 1539 436 1604 abstinui
464 1540 568 1604 causis
596 1540 742 1625 agendis,
773 1537 1036 1624 primumquod

5 1627 160 1692 deforme
184 1628 370 1712 arbitrabar,
390 1629 442 1693 cui
460 1629 640 1714 adsurgere,
663 1630 715 1692 cui
737 1630 810 1693 loco
835 1627 945 1693 cedere
969 1650 1035 1694 om-

5 1717 60 1780 nis
88 1719 267 1800 oporteret,
289 1716 376 1781 hunc
404 1717 554 1782 omnibus
584 1717 767 1781 sedentibus
791 1721 888 1800 stare,
912 1721 957 1799 et,
980 1719 1036 1800 qui

6 1805 126 1870 iubere
166 1809 276 1887 posset
315 1810 421 1870 tacere
464 1827 712 1890 quemcumque,
753 1806 830 1870 huic
871 1806 1035 1870 silentium

9 1893 186 1978 clepsydra
213 1893 319 1978 indici,
348 1898 389 1976 et,
418 1916 513 1977 quem
541 1894 686 1959 interfari
714 1895 803 1959 nefas
832 1899 925 1978 esset,
948 1894 1036 1958 hunc

8 1985 114 2047 etiam
140 1983 284 2048 convicia
307 1984 416 2048 audire
440 1988 481 2066 et,
508 1984 536 2047 si
559 1984 663 2048 inulta
690 1987 862 2068 pateretur,
890 1984 1034 2066 inertem,

10 2072 39 2135 ei
73 2073 299 2154 ulcisceretur,
331 2073 524 2136 insolentem
555 2072 665 2136 videri.
711 2071 792 2136 Erat
823 2071 877 2134 hio
907 2087 1070 2156 quoquae
1095 2132 1110 2152 ,
1138 2043 1186 2154 td
1210 2136 1215 2165 ί

10 2165 124 2225 aestus
149 2165 223 2224 ante
247 2161 366 2244 oculos,
390 2161 418 2224 si
441 2159 524 2224 forte
543 2183 594 2224 me
613 2161 808 2244 appellasset
830 2160 882 2224 vel
900 2159 964 2243 ille,
983 2161 1036 2225 cui
1099 2147 1142 2240 pl
1208 2212 1215 2237 ,

12 2249 170 2333 adessem,
188 2249 241 2313 vel
259 2249 323 2335 ille,
338 2271 434 2334 quem
453 2253 574 2332 contra,
589 2250 817 2314 intercederem
832 2253 864 2313 ct
877 2207 1211 2396 αυιίᾙυωῑκῧῳμ

9 2338 134 2403 ferrem
158 2360 199 2402 an
222 2336 419 2420 quiescerem
443 2338 634 2422 sileremque
657 2342 689 2402 et
712 2339 804 2421 quasi
823 2339 946 2402 eiurato
970 2343 1111 2494 mast
1208 2358 1209 2363 ¹

12 2428 156 2512 gistratu
189 2428 351 2510 privatum
383 2427 453 2510 ipse
485 2448 536 2490 me
566 2428 714 2491 facerem.
760 2411 1033 2491 Hismdl'onibus
1072 2443 1079 2476 a
1201 2428 1214 2503 ¹«

12 2521 126 2581 motus
158 2514 258 2580 malui
290 2537 342 2580 me
373 2515 540 2580 tribunum
572 2516 721 2580 omnibus
754 2515 904 2580 exhibere
936 2535 1034 2598 quam

12 2606 129 2687 paucis
153 2603 352 2669 advocatum.
399 2603 462 2668 Sed
479 2608 522 2668 'tu
551 2602 683 2691 (iterum
711 2601 829 2690 dicam)
857 2603 1069 2688 plurimumc

14 2695 152 2759 interest
179 2694 257 2777 quid
284 2714 352 2757 esse
380 2692 580 2757 tribunatum
607 2697 710 2777 putes,
739 2715 837 2776 quam
865 2714 1034 2776 personam

13 2782 76 2847 tibi
105 2783 257 2866 inponae3
286 2804 367 2866 quae
397 2782 535 2866 sapienti
563 2783 632 2846 viro
660 2782 705 2846 ita
736 2781 877 2866 aptanda
905 2785 966 2864 est,
997 2785 1036 2846 ut

15 2874 207 2954 perferatur.
253 2869 342 2936 Vale.

474 2982 580 3041 XXIV.

200 3083 228 3131 C.
252 3083 391 3131 PLINIUS
415 3083 543 3131 ΒΑΕΒΙΟ
568 3081 718 3131 HISPANO
743 3081 809 3130 SUO
834 3081 860 3130 S.

85 3172 303 3258 Tranquillus,
318 3173 556 3238 contubernalis
571 3195 670 3258 meus,
682 3173 752 3237 vult
767 3195 871 3237 emere
885 3174 1035 3258 agellum,
1055 3188 1068 3235 1

22 3283 117 3344 quem
150 3264 315 3327 venditare
351 3264 473 3328 amicus
510 3266 586 3327 tuus
623 3261 748 3326 dieitur.
792 3261 900 3347 Rogo,
935 3277 1070 3346 cureaa

90 3516 108 3564 4
129 3508 280 3579 scripseris.
319 3507 481 3564 confusioni
499 3510 530 3564 F
542 3509 627 3576 llice,
649 3508 709 3564 Ouo
724 3525 754 3578 p.
768 3513 830 3564 297.
