2468 3938
150 137 214 200 104
583 136 611 191 C.
630 135 729 191 PLINI
1232 167 1233 234 p

149 304 286 364 aetatem
310 323 414 364 meam
438 305 494 365 aut
517 322 641 385 corpus,
656 323 745 384 quae
768 301 924 384 paulatim
951 300 1103 364 occidunt
1126 322 1165 364 ac
1232 299 1233 320 ¹

112 393 336 472 osenescunt,
359 389 415 454 sed
442 391 578 474 gloriam
607 390 722 476 diligit.
767 389 837 454 Nec
864 389 952 454 aliud
971 389 1071 454 decet
1096 391 1164 454 tuis
1232 393 1233 396 ’

148 479 297 544 manibus
330 478 510 562 educatam,
544 480 609 544 tuis
640 480 819 563 praeceptis
850 479 1046 563 institutam,
1079 501 1163 562 quae

147 567 231 631 nihil
257 568 291 632 in
320 568 528 632 contubernio
557 573 613 633 tuo
641 569 758 632 viderit
789 569 852 632 nisi
886 571 1032 632 sanctum
1063 567 1164 632 hone

148 660 307 740 stumque,
326 679 407 740 qnae
427 657 563 740 denique
584 680 690 721 amare
713 679 823 721 mccx
846 661 902 720 tua
924 656 1165 740 praedicatione
1195 683 1209 723 e

114 747 357 811 sconsueverit.
402 744 497 828 Nam,
510 767 512 774 ·
525 767 598 814 cum
625 749 761 811 matrem
788 768 894 810 meam
921 747 1067 828 parentis
1087 747 1164 812 loco

148 835 310 917 verereris,
333 857 384 898 me
408 858 427 899 a
449 836 586 918 pueritia
605 837 714 900 statim
737 835 885 917 formare,
902 835 1032 899 laudare
1050 837 1166 900 talem-
1232 893 1233 908 ,

150 946 221 1006 que,
244 925 348 1008 qualis
370 944 456 988 nunc
481 925 575 988 uxori
602 947 691 988 meae
714 923 834 1007 videor,
862 924 998 988 ominari
1027 924 1165 988 solebas.

113 1011 302 1078 aCertatim
333 1035 409 1098 ergo
439 1014 501 1080 tibi
530 1014 650 1098 gratias
680 1014 819 1099 agimus,
849 1035 922 1098 ego,
954 1013 1040 1095 quod
1071 1013 1165 1076 illam

148 1102 238 1185 mihi,
261 1103 325 1186 illa,
349 1102 436 1186 quod
458 1125 510 1166 mc
534 1103 596 1167 sibi
619 1102 756 1185 dederis,
780 1103 871 1185 quasi
894 1103 1033 1166 invicem
1056 1103 1164 1187 elege-
1182 1128 1233 1174 ro¹

147 1192 201 1256 ris.
237 1190 325 1256 Vale.

625 1303 687 1362 XX.

342 1404 371 1451 o.
394 1403 533 1452 PLINIUS
557 1404 665 1451 nonio
690 1403 828 1451 maximo
853 1402 918 1450 sno
943 1403 969 1451 a.

114 1512 128 1559 1
216 1491 300 1569 Quid
324 1495 476 1558 senserim
501 1494 539 1558 de
566 1495 701 1578 singulis
730 1494 795 1558 tuis
822 1494 927 1576 libris,
953 1497 1068 1557 notum
1090 1493 1167 1575 tibi,

148 1585 186 1645 nt
214 1604 380 1666 quemque=
402 1585 613 1667 perlegeram,
642 1584 718 1667 feci3
747 1583 856 1666 accipe
885 1603 984 1665 nunc,
1014 1579 1092 1666 quid
1123 1581 1166 1646 de
1184 1608 1211 1648 1⁵

114 1671 307 1735 auniversis
343 1672 534 1755 generaliter
565 1673 712 1736 iudicem.
767 1672 827 1736 Est
864 1693 944 1755 opus
981 1671 1167 1754 pulchrum,

147 1760 302 1842 validum,
326 1782 406 1844 acre,
430 1761 580 1843 sublime,
603 1763 740 1844 varium,
764 1763 905 1846 elegans,
928 1783 1058 1844 purum,
1080 1761 1168 1844 figu-
1230 1807 1231 1816 κ

148 1853 265 1930 ratum,
289 1851 468 1932 spatiosum
492 1850 588 1913 etiam
612 1854 740 1913 etcum
768 1872 885 1936 magna
907 1853 963 1913 tua
985 1849 1079 1913 laude
1104 1849 1168 1912 dif-

148 1937 266 2020 fusum,
289 1940 324 2003 in
349 1962 412 2022 quo
436 1944 472 2002 tu
495 1939 616 2024 ingenii
642 1940 739 2003 simul
761 1939 944 2021 dolorisque
967 1939 1046 2002 velis
1073 1939 1169 2002 latis-

150 2027 229 2091 sime
247 2033 357 2092 vectus
376 2050 423 2111 es3
442 2028 607 2092 ethorum
627 2032 799 2111 utrumqne
818 2028 955 2091 invicem
975 2028 1164 2091 adiumento
1182 2056 1210 2094 ao

115 2115 220 2179 afuit.
265 2116 350 2181 Nam
373 2118 477 2182 dolori
503 2118 734 2182 sublimitatem
762 2121 794 2180 et
817 2116 1088 2200 magnificentiam
1113 2117 1166 2178 in·
1232 2163 1233 2200 3

150 2205 295 2358 {selim
322 2207 451 2291 ingenio
480 2207 546 2270 vim
575 2210 607 2270 et
638 2205 884 2270 amaritudinem
912 2205 1004 2268 dolor
1031 2204 1168 2270 addidit.

182 2316 239 2358 ae.
825 2313 826 2316 ’

618 2406 696 2464 XXI.

346 2506 375 2554 o.
397 2507 536 2555 enimus
560 2506 666 2554 vumo
692 2505 831 2553 orniam
855 2506 919 2554 suo
944 2505 970 2554 s.
1183 2515 1210 2556 a

116 2613 130 2660 1
239 2595 378 2661 Tristem
402 2602 434 2661 et
457 2598 607 2662 acerbum
627 2617 735 2662 casum
756 2595 979 2660 Helvidiarum
1003 2598 1167 2660 sororum!

116 2683 296 2770 2Utraque
319 2708 338 2749 a
361 2691 464 2770 partu,
487 2690 623 2770 utraque
645 2686 745 2749 filiam
770 2687 863 2750 enixa
887 2685 1029 2749 decessit.
1076 2681 1169 2747 Adfi-

151 2775 219 2839 cior
242 2775 351 2840 dolore
374 2797 433 2839 nec
456 2778 564 2840 tamen
592 2797 688 2858 supra
715 2775 847 2839 modum
875 2775 982 2858 doleo;
1009 2774 1055 2836 ita
1081 2771 1168 2837 mihi

151 2865 335 2928 luctuosum
358 2864 493 2946 videtin,
513 2863 599 2946 quod
621 2865 744 2947 puellas
763 2863 1005 2928 honestissimas
1027 2863 1062 2925 in
1084 2861 1168 2926 flore

151 2953 256 3036 primo
275 2953 454 3017 fecunditas
473 2953 616 3017 abstulit.
645 2951 760 3036 Angor
777 2953 949 3016 infantium
969 2953 1063 3034 sorte,
1082 2972 1167 3033 quae
1182 2978 1210 3018 ec

153 3044 227 3105 sunt
259 3043 445 3126 parentibus
478 3043 605 3124 statim,¹
633 3045 666 3105 et
698 3041 774 3104 dum
806 3045 993 3123 nascuntur,
1024 3040 1168 3122 orbatae,
1232 3117 1233 3120 Ἴ

153 3151 253 3214 angor
272 3133 467 3215 optimorum
487 3131 684 3214 maritorum,
699 3151 801 3216 angor
818 3131 915 3194 etiam
933 3151 1005 3193 mco
1024 3130 1167 3193 nomine.

117 3235 133 3283 3
152 3217 236 3282 Nam
260 3223 383 3303 patrem
407 3222 535 3285 illarum
559 3220 744 3284 defunctum
769 3241 896 3303 quoque
919 3219 1168 3302 perseverantis·
1232 3235 1233 3244 ¹

153 3308 232 3373 sime
261 3308 374 3394 diligo,
406 3315 443 3374 ut
475 3311 599 3374 actione
631 3331 702 3372 mea
733 3308 889 3391 librisque
918 3311 1071 3372 testatum
1103 3313 1167 3390 est3
1232 3373 1233 3390 ,

226 3521 259 3570 20
279 3519 308 3570 et
327 3518 466 3586 RFpra‚
485 3535 535 3572 om.
553 3520 610 3572 rell.
791 3494 794 3500 ,
1232 3515 1233 3586 l
