2482 3942
386 58 633 112 rrrsrumau
817 101 822 111 .
858 34 859 38 ‘
894 0 923 41 ⁷¹

81 228 180 306 tunt,
203 224 344 287 excitant
366 221 467 285 illum.
529 222 638 286 ns'us:
662 222 795 286 aemulis
820 222 944 285 duobus
970 221 1113 286 adsurre-
1132 238 1164 286 19
1234 199 1236 222 ¹

84 315 144 376 xit
170 316 202 376 et
225 313 335 375 rtatim
359 310 510 393 considit,
541 315 578 374 ut
603 332 661 395 ego
687 313 845 393 eonieoto,
879 312 1047 374 orassiore'
1063 332 1111 374 ea·
1172 298 1236 410 „f

83 402 198 486 ligine
226 401 342 484 spiritu
371 401 535 464 obstructo
566 402 738 483 clausoque
768 399 951 483 stomacho,
984 400 1040 483 qui
1063 400 1112 463 illi
1140 391 1180 446 t*-

84 495 176 554 natu
193 489 385 553 ainvalidus
405 493 437 552 et
451 494 606 574 angustus
626 493 658 553 et
676 489 860 573 frequenter
878 491 1095 553 interaestuan

51 584 175 646 serat.
219 577 282 643 Ubi
319 578 384 642 dies
412 578 555 642 redditus
584 577 627 663 (is
658 579 698 642 ab
727 601 778 660 eo,
812 601 906 661 quem
938 580 1112 642 novissime
1131 594 1165 642 20

86 669 233 751 viderat,
257 668 395 750 tertius),
425 688 541 750 corpus
565 669 731 731 inventurn
754 669 931 752 integrum,
954 668 1111 731 inlaesum

88 761 324 842 opertumque,
347 760 383 820 ut
406 757 511 820 fuerat
534 756 832 840 indutus3'habitus
858 757 1000 840 eorporis
1024 757 1112 839 quie-

87 847 200 912 scenti
223 868 320 929 quam
344 845 494 909 delimato
519 846 662 910 similior.

165 933 296 998 Interim
321 934 438 998 Miseni
462 956 521 1019 ego
546 938 578 997 et
600 937 711 998 mater.
758 932 820 996 Sed
843 934 926 997 nihil
950 934 990 998 ad
1012 934 1112 998 histo·
1131 950 1163 997 21

39 1026 192 1106 ruriam,
219 1045 278 1087 neo
300 1028 337 1087 tu
361 1023 448 1087 aliud
472 1046 567 1106 quam
592 1024 629 1086 de
652 1024 740 1087 exitu
768 1025 835 1087 eius
860 1023 941 1086 seire
971 1024 1111 1087 voluisti.

90 1113 212 1176 Finem
231 1134 306 1197 ergo
325 1111 450 1175 faciam.
484 1111 593 1176 Unum
618 1112 763 1193 adiciam,
788 1113 895 1175 omnia
914 1135 974 1194 me,
994 1113 1110 1194 quibus
1131 1127 1164 1174 22

90 1202 314 1283 interfueram,
335 1223 478 1285 quaeque
498 1202 620 1284 statim,
644 1222 715 1264 oum
736 1202 875 1264 maxime
898 1223 972 1264 vera
994 1222 1113 1264 memo-

90 1295 219 1374 rantur,
243 1291 416 1372 audieram,
439 1294 649 1373 persecutum.
688 1289 737 1352 Tu
760 1289 929 1372 potissima
953 1310 1112 1372 excerpes.

92 1379 198 1443 Aliud
217 1383 266 1443 est
284 1380 367 1442 enim
390 1380 571 1462 epistulam,
585 1378 672 1442 aliud
690 1378 869 1461 historiam,
893 1379 981 1441 aliud
999 1379 1113 1462 amieo,

44 1497 74 1537 15
93 1469 186 1534 aliud
209 1469 357 1532 omnibus
383 1468 528 1532 seribere.
574 1467 663 1532 Vale.

560 1631 655 1690 XVII.
834 1681 838 1692 .

331 1734 359 1780 o.
384 1733 523 1781 ruimus
547 1733 745 1780 susurrare
770 1733 835 1781 suo
860 1733 886 1781 s.

165 1823 489 1909 Indignatiunoulam,
512 1845 608 1905 quam
632 1824 666 1886 in
685 1824 851 1888 cuiusdam
870 1824 965 1888 amici
989 1825 1146 1888 audito-1

96 1916 148 1978 rio
172 1915 250 1996 cepi,
274 1935 340 1976 non
362 1934 493 1995 possum
518 1911 598 1976 mihi
621 1916 798 1996 temperare
819 1935 882 1995 quo
902 1915 1008 1976 minus
1028 1914 1114 1997 apud

51 2032 81 2071 so
97 2009 140 2081 te,
166 2004 240 2086 quia
263 2024 329 2066 non
352 2003 511 2086 contingit
532 2023 648 2083 eoram,
671 2024 728 2085 per
748 2003 918 2084 epistulam
942 2003 1113 2066 effundam.

97 2091 308 2156 Recitabatur
335 2090 418 2154 liber
442 2090 708 2156 absolutissimus.
754 2089 850 2154 Hune
874 2090 937 2154 duo
961 2095 1017 2154 aut
1039 2095 1147 2173 tres,a

98 2185 136 2245 ut
159 2180 221 2244 sibi
245 2185 276 2244 et
299 2181 409 2262 paucis
432 2180 593 2261 ridentur,
622 2179 732 2243 diserti
761 2179 864 2242 surdis
888 2181 1049 2262 mutisque
1073 2181 1112 2243 si-

99 2271 191 2334 miles
216 2269 395 2332 audiebant.
428 2267 504 2332 Non
526 2269 615 2332 labra
635 2268 836 2348 diduxerunt,
859 2291 924 2331 non
943 2274 1113 2333 morerrmt

99 2381 240 2441 manum,
264 2380 330 2421 non
354 2356 490 2440 denique
514 2358 768 2434 adsurrexerunt,
793 2359 906 2421 saltem
925 2358 1112 2421 lassitudine

5 2443 6 2460 ³
55 2475 85 2516 aa
100 2447 238 2511 sedendi.
286 2445 372 2522 Quae
396 2451 486 2510 tanta
515 2447 679 2532 gravitas?
711 2468 792 2528 quae
816 2450 906 2510 tanta
934 2446 1147 2530 sapientia‘?3

100 2559 182 2621 quae
205 2537 305 2600 immo
330 2537 474 2620 pigritia,
503 2536 703 2620 adrogantia,
732 2536 921 2599 sinisteritas
946 2557 981 2598 ao
1004 2536 1112 2617 potius

100 2627 250 2707 amentia,
273 2626 307 2687 in
330 2624 392 2688 hoo
415 2629 520 2688 toturn
540 2625 623 2688 diem
642 2626 822 2708 inpendere,
846 2627 883 2686 ut
903 2623 1053 2705 offendas,
1076 2628 1113 2686 ut

100 2715 269 2779 inimicum
292 2715 467 2796 relinquas,
496 2713 536 2776 ad
564 2736 659 2796 quem
686 2719 852 2796 tamquam
882 2713 1112 2776 amicissimum

101 2804 249 2868 veneris?
273 2802 432 2866 Disertior
454 2804 523 2886 ipse
546 2804 600 2866 es?
634 2801 737 2866 Tanto
761 2804 865 2886 magis
888 2825 928 2865 ne
952 2803 1111 2865 invideris.
1131 2817 1148 2864 4

59 2921 87 2960 so
99 2891 193 2970 Nam,
218 2893 273 2975 qui
296 2892 426 2972 invidet,
449 2893 555 2954 minor
578 2895 633 2954 est.
676 2889 835 2974 Denique,
860 2892 926 2954 sive
949 2893 1022 2975 plus
1046 2892 1112 2954 sive

101 2983 206 3046 minus
238 2982 304 3045 sive
324 2981 418 3046 idem
451 2985 606 3062 praestas,
638 2981 732 3044 lauda
765 2981 816 3043 vel
846 2980 1029 3044 inferiorem
1062 2981 1113 3043 vel

101 3071 296 3153 superiorem
320 3071 371 3133 vol
389 3092 507 3152 parem,
527 3065 733 3153 superiorem,
747 3071 836 3152 quia,
854 3070 917 3132 nisi
935 3069 1112 3133 laudandus

5 3159 9 3232 1
100 3161 164 3241 ille,
186 3180 252 3222 non
270 3162 363 3241 potes
381 3161 449 3242 ipse
468 3159 600 3242 laudari,
618 3160 802 3229 inferiorem
821 3163 877 3222 aut
895 3181 1020 3242 parem,
1039 3159 1112 3240 quia

5 3333 9 3344 ·
103 3269 314 3351 —lirr-m-xds
324 3299 353 3352 D
355 3313 428 3367 pru,
441 3298 501 3352 Otto
511 3303 572 3364 303,
586 3297 709 3350 innitens
721 3299 764 3363 M,
775 3299 859 3350 ΚΩ-
875 3297 971 3351 servol.
988 3299 1030 3362 M,
1042 3299 1111 3350 K.I.

101 3377 117 3424 2
134 3369 257 3424 coniecto
272 3372 380 3437 Dpro,
398 3370 458 3422 Otto
469 3373 529 3435 303,
549 3368 650 3436 colligo
668 3371 710 3434 M,
726 3370 763 3422 K.
836 3375 852 3420 4
869 3369 1011 3422 interaest.
1027 3370 1112 3436 Dpa,
1149 3369 1157 3388 ⁸

104 3441 239 3508 0111313,
259 3442 334 3494 intus
354 3444 421 3494 aest.
441 3458 490 3508 νς,
510 3442 577 3493 aest.
597 3442 640 3506 M,
655 3441 692 3493 K.
766 3446 859 3494 terat
876 3442 939 3494 tert.
956 3441 1040 3494 ΚΠ.
