2458 3940
147 133 211 200 366
581 131 609 187 0·
628 131 726 186 PUNI

145 297 233 362 bono
259 298 404 381 principe
431 297 576 361 incedere
604 297 773 361 videretur.
810 292 876 358 Iter
902 291 952 358 illi
974 293 1105 377 saepius
1128 291 1166 356 in

94 387 137 452 77
144 387 262 470 forum,
283 387 469 470 frequenter
490 389 598 450 tamen
621 389 654 449 et
676 384 710 448 in
729 405 887 467 campum.
923 382 1008 446 Nam
1028 383 1166 446 comitia

146 475 313 541 consulum
338 477 449 540 obibat
472 476 554 560 ipse,
577 478 704 538 tantum
727 496 767 538 ex
787 471 1025 536 renuntiatione
1047 493 1166 534 eorum

145 564 321 648 voluptatis
360 568 515 648 quantum
551 565 640 647 prins
678 586 717 627 ex
754 562 967 626 destinatione
1004 560 1164 644 capiebat.

111 672 126 718 2
147 651 282 718 Stabant
305 653 466 718 candidati
489 657 563 716 ante
587 653 730 716 curulem
753 652 917 735 principis,
935 654 972 713 ut
993 650 1060 732 ipse
1084 653 1165 713 ante
1191 676 1202 714 ι

146 742 288 808 consulis
321 746 465 825 steterat,
497 741 772 828 adigebanturque
804 741 838 803 in
869 739 979 823 verba,
1010 739 1045 802 in
1076 759 1166 821 quae

147 831 244 914 paulo
268 835 342 895 ante
364 832 434 914 ipse
456 831 617 895 iuraverat
644 831 802 913 princeps,
830 829 886 912 qni
913 831 1038 892 tentum
1064 831 1166 910 putat

147 942 215 985 esse
229 921 264 984 in
277 921 346 984 iure
360 919 504 1002 iurando,
517 924 555 984 ut
568 919 650 983 illud
668 924 701 984 et
719 919 758 982 ab
777 919 849 982 aliis
869 919 985 1004 exigat.
1021 915 1166 1000 Reliqua

111 1027 221 1093 apers
249 1009 313 1073 diei
340 1009 495 1073 tribunali
523 1008 665 1072 dabatur.
709 1006 760 1089 Ibi
789 1029 865 1072 vero
896 1010 1016 1089 quanta
1044 1006 1166 1090 religio

147 1098 328 1182 aequitatis,
352 1101 471 1182 quanta
488 1098 597 1183 legum
616 1095 807 1162 reverentia!
844 1095 965 1160 Adibat
988 1095 1105 1177 aliquis
1123 1097 1166 1158 ut
1180 1123 1204 1162 ιι

146 1189 338 1271 principem,
361 1185 576 1270 respondebat
600 1207 633 1250 re
657 1186 821 1251 consulem
848 1208 924 1250 esse.
960 1183 1092 1248 Nullius
1120 1184 1165 1247 ab

147 1298 185 1341 eo
216 1277 422 1362 magistratus
452 1276 511 1359 ius,
540 1276 661 1340 nullius
694 1274 868 1341 auctoritas
900 1274 1070 1338 imminuta
1103 1277 1166 1356 est,

147 1369 241 1430 aucta
260 1367 365 1449 etiam,
384 1364 542 1447 siquidem
559 1365 711 1448 pleraque
730 1365 769 1428 ad
788 1367 951 1447 praetores
968 1361 1166 1446 remittebat,

147 1458 244 1537 atque
267 1455 313 1518 ita
335 1458 372 1518 ut
395 1455 534 1539 collegas
561 1458 698 1537 vocaret,
725 1476 792 1518 non
815 1453 890 1536 quia
912 1452 1066 1536 populare
1091 1473 1166 1536 gra-

112 1547 283 1626 otumqus
310 1542 527 1626 audientibus,
557 1544 613 1606 sed
640 1543 717 1626 quia
743 1542 789 1606 ito
816 1542 982 1606 sentiebat.
1020 1540 1165 1604 Tantum
1180 1566 1204 1608 ιι

148 1633 343 1718 dignationis
372 1633 406 1695 in
432 1633 503 1716 ipso
530 1630 654 1695 honore
683 1631 832 1715 ponebat,
861 1634 900 1694 ut
926 1651 992 1693 non
1021 1630 1166 1713 amplius

149 1742 217 1785 esse
240 1724 392 1803 censeret,
415 1721 502 1804 qnod
525 1720 641 1803 aliquis
663 1721 787 1805 collega
805 1720 1021 1803 appellaretur
1038 1740 1057 1781 a
1076 1720 1166 1802 prin-
1217 1787 1218 1792 ,

149 1810 228 1893 cipe,
252 1830 348 1891 quam
372 1809 458 1892 quod
481 1813 611 1893 praetor
632 1813 724 1873 esset.
760 1808 813 1873 Ad
835 1809 898 1872 hoc
924 1812 989 1873 tam
1015 1807 1166 1871 assiduus
1217 1815 1218 1882 ]

114 1915 130 1962 6
150 1896 183 1962 iu
207 1897 371 1981 tribunali,
389 1902 426 1962 ut
443 1898 553 1962 labore
571 1899 659 1962 refici
677 1919 715 1962 ac
732 1898 874 1982 reparari
891 1898 1058 1962 videretur.
1084 1895 1167 1972 Quis

149 1991 294 2052 nostrum
318 1987 403 2050 idem
427 2009 528 2072 curae,
552 1987 635 2051 idem
660 1986 785 2051 sudoris
808 1987 963 2051 insumit?
987 1986 1058 2069 quis
1083 1986 1167 2050 adeo
1181 2015 1207 2053 so

116 2094 129 2141 7
150 2077 300 2160 expetitis
322 2076 499 2140 honoribus
522 2079 578 2140 aut
601 2076 739 2140 deservit
761 2079 817 2140 aut
845 2075 987 2141 sufficit?
1017 2074 1063 2138 Et
1088 2097 1168 2139 sane

150 2187 286 2250 aequum
310 2170 359 2230 est
381 2168 508 2229 tantum
530 2167 643 2230 ceteris
662 2168 823 2249 praestare
843 2163 1027 2229 consulibus
1045 2164 1168 2246 ipsum,

150 2256 206 2337 qui
229 2255 375 2319 consules
397 2254 484 2320 facit.
521 2253 647 2337 Quippe
670 2255 766 2318 etiam
793 2254 925 2318 fortuna
945 2253 1095 2317 videatur
1118 2255 1169 2317 in-

150 2344 294 2428 dignum,
317 2345 345 2406 si
368 2345 471 2426 possit
488 2343 627 2407 honores
646 2343 729 2426 dare,
752 2344 809 2425 qui
832 2363 942 2428 gerere
964 2362 1029 2406 non
1050 2343 1167 2426 possit.

115 2431 306 2497 8Facturus
335 2433 480 2496 consules
513 2432 625 2496 doceat
658 2432 901 2515 accepturisque
928 2432 1167 2514 amplissimum
1182 2457 1217 2508 ss}

151 2522 307 2585 honorem
330 2521 520 2605 persuadeat
540 2521 621 2586 scire
644 2543 687 2604 se,
706 2520 782 2603 quid
800 2521 851 2604 sit,
871 2519 957 2603 quod
975 2520 1074 2584 dabit.
1113 2519 1168 2584 Sic

149 2611 197 2693 fit,
219 2614 256 2674 ut
279 2611 328 2673 illi
351 2630 478 2692 quoque
501 2610 613 2694 sciant,
636 2609 715 2694 quid
738 2610 927 2693 acceperint.

98 2693 143 2764 78
217 2697 288 2774 Quo
312 2699 427 2762 iustius
450 2702 588 2780 senatus,
610 2703 647 2762 ut
673 2699 848 2782 susciperes
877 2701 1027 2782 quartum
1052 2719 1167 2763 consu-

150 2787 262 2869 latum,
286 2791 318 2851 et
339 2789 467 2872 rogavit
489 2792 522 2852 et
546 2788 648 2852 iussit.
685 2786 815 2871 Imperii
842 2788 905 2852 hoc
927 2786 1072 2872 verbum,
1100 2809 1167 2852 non

150 2876 343 2940 adulationis
367 2898 435 2940 esse
459 2876 613 2958 obsequio
636 2881 694 2940 tuo
718 2876 818 2961 crede,
846 2877 932 2960 quod
954 2897 1021 2940 non
1044 2877 1110 2942 alia
1131 2878 1166 2940 in
1181 2903 1206 2943 ιι

149 2986 184 3029 re
207 2966 311 3050 magis
333 2969 390 3028 aut
412 2968 541 3029 senatus
564 2967 692 3051 exigere
714 2989 734 3030 a
754 2968 786 3028 te
809 2970 865 3030 aut
882 2970 919 3030 tu
937 2969 1101 3049 praestare
1119 2989 1166 3030 se

116 3071 131 3118 2
150 3055 242 3118 notui
256 3052 359 3118 debes.
377 3052 424 3118 Ut
438 3056 523 3117 enim
538 3057 715 3118 ceterorum
729 3053 898 3119 hominum
912 3056 957 3119 ita
971 3055 1167 3139 principum,

151 3143 282 3206 illorum
312 3143 421 3226 etiam,
451 3144 506 3226 qui
535 3143 569 3206 di
596 3144 659 3208 sibi
686 3143 847 3227 videntur,
875 3166 988 3208 aerum
1014 3165 1111 3207 omne
1133 3149 1167 3208 et

223 3304 256 3351 23
279 3299 677 3369 videatur-possit—possit
701 3302 798 3355 Modo.
818 3302 880 3355 udo.
893 3302 1022 3366 111221,
1050 3300 1168 3355 videba-

152 3369 478 3436 tur—posset—posset
501 3372 586 3441 culp,
609 3372 835 3440 possit-possit
854 3373 959 3440 partim
982 3373 1074 3438 codd,
1101 3387 1169 3440 pos-

154 3437 329 3504 sit—posset
347 3441 500 3495 Baehrensi
516 3443 586 3495 orell.
605 3459 703 3496 ornum
773 3448 804 3495 31
829 3445 861 3496 ιιι
881 3451 962 3512 tomq.
981 3443 1058 3498 insit.
1079 3444 1169 3510 ΚΠ,

154 3507 264 3572 Βαειν.,
281 3510 360 3564 habet
373 3513 408 3563 A.
481 3516 514 3564 33
533 3511 588 3565 sibi
607 3513 649 3566 dii
666 3515 701 3568 Δ.
