2442 3940
142 172 185 238 26
502 173 503 178 ’
577 169 605 225 0.
624 170 731 225 PLINI'

142 356 197 400 cus
228 335 262 397 in
294 335 396 400 cultui
443 331 538 397 Soleo
568 334 675 417 ipsum
705 332 889 398 cubiculum
917 332 1004 397 illius
1034 332 1161 416 ipsum·
1206 400 1212 410 ,

142 445 204 506 que
225 423 344 487 lectum
369 426 406 486 ut
428 423 603 508 imaginem
629 423 788 506 quandam
811 423 935 507 priseae
957 420 1161 506 frugalitatis

103 529 119 577 5
142 513 291 596 aspicere.
336 508 436 575 Ornat
458 511 538 576 haec
560 510 748 596 magnitudo
772 511 881 595 animi,
905 533 985 594 qnae
1008 510 1092 574 nihil
1115 509 1161 574 ad

139 601 400 683 ostentationem,
429 601 537 665 omnia
564 601 604 664 ad
631 600 861 666 conscientiam
884 600 982 665 refert
1004 603 1160 682 recteque
1212 643 1213 652 η

137 690 214 754 facti
236 710 304 754 non
327 711 365 754 ex
388 690 502 773 populi
530 710 674 753 sermone
701 689 888 774 mercedem,
917 689 972 753 sed
999 711 1039 752 ex
1065 689 1159 751 facto
1190 713 1201 753 u

103 796 119 844 o
138 780 228 863 petit.
274 776 313 842 In
336 799 461 842 summa
483 799 549 841 non
570 777 664 841 facile
693 779 764 860 quis
789 799 983 862 quemquam
1011 799 1050 841 ex
1073 777 1160 860 istis,

140 868 196 951 qui
219 867 393 951 sapientiae
413 866 554 930 studium
571 865 685 930 habitu
705 867 848 950 corporis
866 867 1059 951 praefenmt,
1078 865 1160 930 hnic

138 958 208 1021 viro
233 954 440 1040 comparabit.
486 953 561 1019 Non
590 954 719 1039 quidem
744 957 911 1041 gymnasia
935 958 1075 1020 sectatur
1097 958 1160 1018 out
1213 990 1214 1020 l

139 1045 281 1129 porticus
304 1065 363 1108 nec
386 1043 658 1128 disputationibus
685 1044 792 1130 longis
815 1044 952 1109 aliorum
976 1044 1078 1108 otium
1103 1065 1160 1107 su-

138 1155 257 1216 umque
281 1132 425 1216 delectat,
448 1133 504 1196 sed
521 1133 556 1196 in
573 1135 652 1218 toga
674 1134 876 1218 negotiisque
895 1136 1050 1217 versatur,
1071 1131 1200 1198 mul-10

104 1226 190 1286 utos
214 1222 431 1305 advocatione,
454 1222 562 1305 plures
591 1222 725 1286 consilio
748 1223 846 1286 iuvat.
892 1220 1023 1286 Nemini
1045 1224 1161 1286 tamen

138 1311 274 1376 istorum
307 1312 467 1393 castitate,
499 1311 632 1393 pietate,
664 1311 801 1393 iustitia,
833 1310 1023 1375 fortitudine
1055 1309 1161 1374 etiam

137 1401 243 1483 primo
270 1400 343 1464 loco
371 1398 508 1463 cesserit.
554 1396 730 1481 Mirareris,
754 1399 782 1463 si
805 1399 986 1482 interesses,
1013 1420 1076 1482 quo
1099 1421 1160 1482 pa-

116 1489 253 1553 tientia
275 1487 359 1553 hanc
381 1487 485 1570 ipsam
508 1487 725 1551 valetudinem
744 1488 869 1570 toleret,
891 1490 928 1551 ut
952 1487 1055 1552 dolori
1077 1489 1160 1551 resi·

139 1580 212 1659 stat,
230 1580 267 1640 ut
286 1577 373 1640 sitim
392 1574 527 1659 differat,
549 1578 587 1638 ut
607 1574 827 1640 incredibilem
849 1576 988 1640 febrium
1006 1575 1159 1641 ardorem
1176 1603 1200 1643 15

102 1682 119 1729 8
138 1666 280 1728 inmotus
304 1667 498 1748 opertusque
520 1664 726 1729 transmittat.
763 1663 878 1748 Nuper
899 1687 950 1729 me
969 1686 1159 1749 paucosque

138 1774 273 1837 mecum,
297 1775 377 1836 quos
400 1753 540 1817 maxime
564 1752 679 1839 diligit,
702 1753 871 1818 advocavit
893 1754 1091 1840 rogavitque,
1115 1759 1160 1820 ut

138 1842 279 1906 medicos
303 1841 539 1906 consuleremus
558 1840 597 1906 de
620 1863 746 1906 summa
764 1842 966 1927 valetudinis,
988 1846 1035 1926 ut,
1058 1843 1086 1907 si
1106 1864 1159 1907 es-

139 1936 187 1996 set
209 1931 443 2015 insuperabilis,
468 1934 581 2014 sponte
605 1930 706 1995 exiret
729 1953 745 1995 e
768 1932 844 2015 vita,
868 1931 896 1996 si
919 1935 1045 1996 tantum
1068 1930 1158 1996 diffi-

103 2020 208 2085 scilis
245 2024 277 2084 et
308 2018 419 2105 longa,
450 2019 611 2084 resisteret
643 2023 862 2105 maneretque3
895 2019 1035 2084 dandum
1067 2022 1159 2086 enim
1175 2048 1200 2088 ao

138 2109 287 2193 precibus
310 2109 430 2190 uxoris,
452 2107 593 2172 dandum
611 2107 696 2172 filiae
719 2109 869 2192 lacrimis,
893 2108 1032 2173 dandum
1055 2110 1159 2175 otiam
1215 2141 1216 2159 κ

138 2197 231 2262 nobis
263 2197 387 2280 amicis,
418 2217 459 2261 ne
490 2217 563 2279 spes
595 2200 730 2280 nostras,
763 2197 791 2261 si
823 2197 919 2262 modo
951 2219 1018 2262 non
1047 2204 1160 2264 essent

86 2304 119 2352 10
138 2287 258 2369 inanes,
280 2285 462 2350 voluntaria
485 2288 588 2349 morte
612 2285 777 2350 desereret.
813 2283 852 2349 ld
875 2307 934 2372 ego
958 2285 1095 2349 arduum
1120 2287 1158 2352 in

138 2375 250 2459 primis
274 2378 306 2438 et
329 2374 501 2458 praecipua
523 2374 616 2438 laude
638 2374 771 2460 dignum
794 2379 882 2459 puto.
920 2373 1005 2439 Nam
1028 2375 1159 2458 impetu

139 2464 277 2548 quodam
302 2466 334 2527 et
356 2463 407 2527 ins
423 2462 511 2527 inctu
536 2483 721 2547 procurrere
750 2463 790 2528 ad
817 2468 954 2528 mortem
981 2485 1158 2530 commune
1173 2493 1197 2532 aa

139 2575 212 2618 cum
235 2552 356 2635 multis,
380 2551 554 2616 deliberare
577 2573 652 2616 vero
679 2555 711 2616 et
735 2573 846 2617 causas
869 2552 938 2618 eius
962 2552 1156 2638 expendere,

137 2647 237 2726 utque
258 2639 394 2707 suaserit
416 2642 508 2723 ratio,
526 2641 611 2706 vitae
629 2640 807 2725 mortisque
825 2642 996 2706 consilium
1014 2642 1066 2706 vel
1085 2664 1158 2707 sns-

86 2748 118 2796 11
140 2732 246 2815 cipere
268 2730 320 2795 vel
342 2751 462 2814 ponere
489 2729 630 2814 ingentis
654 2733 702 2794 est
725 2730 832 2795 animi.
874 2729 919 2795 Et
940 2730 1057 2796 medici
1083 2732 1157 2815 qni-

140 2819 211 2883 dem
235 2819 373 2884 secunda
395 2818 489 2883 nobis
513 2819 719 2902 pollicentur,
747 2823 902 2903 superest,
924 2823 962 2883 nt
984 2818 1157 2904 promissis

138 2908 215 2972 deus
239 2909 358 2973 adnuat
380 2907 572 2990 tandemque
595 2929 646 2971 me
669 2907 731 2972 hoc
754 2908 970 2974 sollicitudine
993 2907 1156 2993 exsolvat,
1171 2935 1197 2976 ao

139 3019 202 3080 qua
224 2996 379 3061 liberatus
401 2995 633 3060 Laurentinum
660 3018 783 3080 meum,
809 2996 872 3062 hoc
898 3001 946 3062 est
968 2997 1096 3061 libellos
1121 3003 1157 3063 et

138 3084 314 3171 pugillares
337 3084 580 3168 studiosumque
608 3085 720 3170 otium,
742 3089 895 3170 repetam.
940 3083 1036 3150 Nunc
1064 3086 1156 3151 enim

138 3173 221 3238 nihil
235 3173 350 3260 legere,
362 3173 446 3237 nihil
464 3174 602 3238 scribere
619 3177 674 3238 aut
693 3174 851 3239 adsidenti
869 3178 962 3240 vocat
980 3178 1036 3240 aut
1054 3175 1156 3240 anxio

211 3336 225 3384 1
245 3329 322 3384 illius
341 3332 371 3385 F
384 3331 459 3386 Ilico.
470 3346 548 3399 pra,
569 3329 630 3385 ouo
643 3334 706 3398 297,
724 3347 775 3386 om.
794 3333 833 3398 D,
853 3331 912 3385 eius
933 3333 971 3386 M
979 3331 1037 3397 Vs,
1056 3329 1094 3384 K.

139 3407 155 3455 6
174 3401 237 3470 quis
252 3403 340 3470 Fpa,
357 3401 417 3456 Otto
426 3404 490 3468 297,
504 3418 555 3456 ora.
572 3403 610 3456 M
617 3401 731 3470 VDrs‚
750 3403 788 3456 K.
852 3408 868 3457 8
888 3401 1063 3472 comparabit
1080 3401 1156 3472 Otto,

139 3473 313 3541 comparauit
332 3474 362 3527 F
374 3473 463 3539 Rieu,
487 3471 662 3541 comparabit
675 3490 706 3543 p,
730 3474 900 3542 compararit
917 3493 949 3539 c,
974 3473 1155 3543 comparabis

141 3546 178 3599 M
186 3545 299 3611 VDr3‚
319 3544 356 3598 K.
