2468 3938
357 158 671 214 missumnuniv
691 165 732 228 ιι,
753 166 794 214 16.
1039 160 1081 224 99

67 323 146 408 sive,
169 327 207 387 ut
229 323 333 406 multi,
356 324 517 406 poematia
543 345 598 388 seu
621 323 708 408 quod
736 323 824 387 aliud
846 344 960 389 vocare
984 325 1084 388 malu-

67 414 141 496 eris,
164 412 276 477 licebit
293 433 398 495 voces,
421 434 480 498 ego
499 416 626 477 tantum
644 412 929 496 hendecasyllabos
948 418 1084 496 praesto.

66 501 98 565 A
114 501 322 585 simplicitate
336 505 393 565 tua
405 505 491 585 peto,
504 505 550 585 ut,
565 501 652 584 qnod
666 502 705 566 de
718 502 829 567 libello
849 525 920 566 meo
941 502 1085 567 dicturus
1105 517 1139 567 10

68 611 102 655 es
132 591 197 673 alii,
224 589 305 654 mihi
333 590 433 674 dicas3
460 612 565 674 neque
592 595 641 656 est
668 591 810 674 difficile,
838 591 925 674 quod
946 593 1084 675 postule.

45 679 167 763 sNam,
190 679 218 743 si
240 678 302 744 hoc
325 681 515 763 opusculum
538 683 684 744 nostrum
703 684 759 744 aut
778 680 984 765 potissimum
1003 683 1086 745 esset

68 771 127 832 aut
146 770 262 852 solum,
279 769 415 833 fortasse
429 771 539 852 posset
552 769 668 832 durum
681 769 783 833 videri
800 769 917 834 dicere:
941 767 1085 852 ‘Quaere

68 855 158 940 quod
190 856 296 942 agas'3
328 858 426 922 molle
458 861 491 921 et
522 858 699 922 humanum
731 862 792 923 est:
835 857 968 941 ‘Habes
997 858 1084 942 quod

68 945 168 1032 agas?
214 943 303 1010 Vale.

32 1185 56 1224 ιι
238 1175 266 1224 0.
289 1176 428 1224 enimus
452 1175 588 1224 nnucm
612 1177 781 1224 runcano
806 1176 871 1225 suo
897 1176 923 1224 S.
1101 1239 1103 1244 Ι

137 1263 174 1329 Si
207 1265 284 1348 quid
316 1273 462 1349 omnine,
493 1267 556 1330 hoc
588 1269 673 1331 certe
709 1266 829 1330 iudicio
863 1266 965 1349 facie,
998 1267 1118 1349 quod1

66 1353 220 1419 Asinium
243 1353 365 1418 Rufum
389 1354 594 1440 singulariter
616 1377 698 1419 amo.
743 1355 804 1420 Est
826 1356 924 1419 homo
949 1355 1084 1420 eximius

66 1447 101 1508 et
124 1444 284 1508 bonorum
308 1445 556 1508 amantissimus.
602 1441 666 1508 Cur
690 1445 774 1508 enim
797 1466 864 1508 non
886 1467 938 1508 me
957 1465 1085 1527 quoque

66 1534 154 1597 inter
176 1533 278 1597 bonos
301 1534 488 1597 numerem?
519 1531 609 1597 Idem
628 1530 811 1598 Cornelium
830 1532 978 1598 Tacitum
998 1531 1083 1620 (seis,

29 1648 53 1687 a
69 1643 168 1705 quem
186 1617 305 1707 virum)
330 1625 399 1686 arta
416 1621 635 1686 familiaritate
653 1624 828 1706 conplexus
847 1627 903 1687 est.
935 1622 1083 1706 Proinde,
1101 1639 1117 1686 ι

68 1712 97 1775 si
121 1713 295 1793 utrumque
318 1714 466 1775 nostrum
488 1711 615 1796 probas,
639 1711 677 1775 de
700 1709 786 1775 Rufo
811 1733 938 1795 quoque
956 1732 1084 1776 necesse

68 1803 119 1864 est
142 1798 228 1863 idem
253 1800 379 1882 sentias,
403 1821 476 1864 cuni
495 1801 538 1864 sit
560 1800 600 1863 ad
623 1800 834 1865 conectendas
857 1800 1014 1865 amicitias
1033 1802 1085 1864 vel

67 1889 311 1953 tenacissimum
343 1889 508 1952 vinculum
540 1910 667 1952 morum
700 1889 886 1953 similitudo.
940 1888 1023 1954 Sunt
1055 1890 1118 1954 eia

66 1977 165 2042 liberi
187 1978 304 2062 plures.
342 1976 428 2041 Nam
451 1978 486 2040 in
508 1977 570 2042 hoe
593 1999 722 2061 quoque
743 1977 874 2042 functus
898 1982 947 2042 est
969 1977 1083 2061 optimi

29 2093 54 2131 so
69 2067 151 2130 civis
175 2066 293 2150 officie,
316 2066 403 2150 quod
425 2066 620 2131 fecunditate
645 2067 754 2131 uxoris
782 2069 871 2152 large
892 2067 958 2130 frui
980 2067 1084 2130 voluit

68 2177 109 2220 eo
133 2157 271 2238 saeculo,
290 2176 354 2238 quo
372 2155 533 2239 plerisque
552 2156 649 2220 etiam
669 2156 813 2242 singulos
831 2157 916 2220 filios
936 2156 1083 2220 orbitatis

66 2243 214 2329 praemia
236 2265 349 2330 graves
372 2243 509 2330 faciunt3
532 2245 650 2328 quibus
672 2245 729 2309 ille
750 2244 908 2328 despectis
932 2245 983 2308 avi
1007 2266 1084 2328 quo-

8 2409 9 2420 ,
67 2356 132 2418 que
155 2354 274 2397 nomen
297 2331 484 2417 adsumpsit.
520 2333 582 2398 Est
604 2334 690 2397 enim
713 2355 805 2418 avus,
833 2337 866 2398 et
890 2333 1020 2417 quidem
1044 2356 1083 2397 ex

8 2421 10 2484 l
67 2421 200 2486 Saturio
223 2420 342 2506 Firmo,
366 2444 461 2505 quem
481 2421 594 2508 diliges
617 2425 655 2486 ut
673 2444 743 2508 ego,
767 2423 794 2487 si
812 2427 849 2486 ut
867 2444 927 2507 ego
950 2422 1083 2506 propius

28 2537 52 2576 a
66 2511 256 2596 inspexeris.
288 2509 378 2575 Haec
398 2533 435 2575 eo
454 2511 624 2595 pertinent,
639 2514 676 2574 ut
689 2513 781 2595 scias,
794 2533 891 2595 quam
910 2511 1083 2594 copiosam,
1101 2528 1118 2575 4

67 2622 168 2684 quam
190 2621 394 2664 numerosam
423 2599 555 2664 domum
582 2621 647 2663 uno
676 2600 901 2682 beneficio-sis
925 2600 1083 2683 obligatu-

65 2710 137 2773 rus3
166 2687 208 2751 ad
239 2689 325 2773 quod
356 2687 530 2774 petendum
562 2693 638 2753 voto
671 2690 821 2773 primum,
853 2688 969 2753 deinde
996 2688 1081 2752 bono

67 2777 211 2861 quodam
241 2778 348 2842 omine
377 2776 573 2842 adducimur.
619 2776 776 2862 Optamus
804 2779 889 2842 enim
918 2777 978 2841 tibi
1004 2777 1117 2841 omi-5

66 2888 248 2948 namurque
274 2867 309 2930 in
335 2867 519 2952 proximum
547 2889 666 2930 annum
695 2869 905 2932 consulatum.
941 2864 991 2929 Ita
1022 2886 1082 2930 nos

28 2982 54 3020 ιι
67 2957 205 3020 virtutes
237 2958 327 3039 tuae,
357 2956 404 3020 ita
438 2955 556 3020 iudicia
587 2957 741 3040 principis
779 2955 928 3040 augurari
960 2955 1081 3018 volunt.

8 3035 10 3074 ³
68 3044 239 3110 Concurrit
262 3047 378 3128 autem,
397 3048 434 3108 ut
457 3045 499 3109 sit
518 3045 629 3109 eodem
651 3067 734 3109 anno
754 3047 905 3128 quaestor
922 3043 1082 3108 maximus
1101 3061 1116 3108 6

68 3157 107 3198 ex
138 3133 250 3198 liberis
281 3131 367 3218 Rufi,
398 3131 530 3198 Asinius
562 3133 691 3218 Bassus,
722 3134 847 3198 iuvenis
880 3130 1012 3218 (nesci0,
1041 3155 1083 3196 an

69 3222 184 3306 dicam,
209 3221 296 3306 quod
318 3245 370 3287 me
392 3226 484 3306 pater
507 3226 549 3296 et,
562 3223 679 3288 sentire
703 3227 735 3287 et
758 3222 862 3287 dicere
886 3222 984 3305 cupit,
1007 3221 1082 3284 adu-

68 3310 219 3376 lescentis
241 3312 433 3376 verecundia
450 3311 552 3399 vetat)
575 3313 646 3395 ipso
668 3316 759 3395 patre
782 3311 904 3376 melior.
940 3309 1081 3374 Difficile
1101 3327 1115 3374 r

30 3425 55 3465 a
69 3404 126 3486 est,
139 3404 178 3465 ut
195 3399 276 3464 mihi
296 3400 334 3465 de
353 3402 484 3465 absente
503 3401 621 3485 credar,
640 3422 834 3484 quamquam
854 3399 979 3465 credere
999 3401 1080 3463 soles

140 3546 156 3594 3
174 3543 208 3594 ut
226 3557 277 3596 om.
293 3541 462 3609 RFDpra.
535 3545 568 3594 10
586 3539 727 3593 MINICIO
745 3541 793 3595 cot.
814 3541 849 3595 R.

887 3627 920 3680 7*
