2480 3942
384 154 642 210 EPISTULARUM
661 160 774 210 er-sr.
1022 155 1089 222 265

64 319 165 403 glum
187 318 353 384 fabrorum
372 318 538 384 dumtaxat
556 319 726 384 hominum
740 317 801 384 GL.
830 318 903 406 Ego
917 318 1111 401 attendam·

68 429 113 472 ne
148 408 219 491 quis
250 409 313 472 nisi
344 407 435 472 faber
466 409 639 492 recipiatur
669 429 749 473 neve
776 409 845 473 iure
873 429 1023 473 concesso
1056 408 1091 472 in

70 497 162 560 aliud
184 500 390 580 utatu13nec
413 497 473 562 erit
497 496 628 561 difficile
653 497 813 564 custodire
833 501 900 562 tam
919 519 1048 581 paucos.

434 661 568 722 xxxxv.
592 656 730 743 [xum]

40 775 53 814 5
421 763 593 812 TRAIANUS
617 764 747 812 PLINIO.

141 851 215 917 Tibi
251 854 380 936 quidem
418 853 594 920 secundum
630 855 778 937 exempla
810 854 1025 937 complurium
1058 854 1127 920 inl

69 945 216 1005 mentem
244 943 333 1008 venit
360 964 455 1027 posse
485 943 657 1028 collegium
688 943 854 1008 fabrorum
882 943 968 1026 apud
995 941 1093 1007 Nico-

70 1029 240 1096 medenses
255 1033 416 1097 constitui.
441 1030 504 1097 Sed
516 1032 757 1097 meminerimus
777 1033 976 1115 provinciam
996 1031 1092 1096 istam

70 1123 105 1182 et
128 1121 299 1204 praecipue
323 1143 393 1186 eam
417 1122 579 1186 civitatem
603 1121 781 1186 eiusmodi
803 1120 999 1185 factionibus
1023 1142 1092 1184 esse

27 1238 56 1277 ιο
70 1212 231 1274 vexatam.
277 1208 508 1293 Quodcumque
540 1231 659 1274 nomen
691 1232 730 1274 ex
761 1231 963 1293 quacumque
997 1231 1093 1274 cause

72 1296 253 1362 dederimus
277 1299 325 1379 iis,
349 1300 405 1383 qui
427 1300 462 1364 in
484 1299 569 1364 idem
593 1300 750 1364 contracti
767 1299 918 1364 fusrint'.
933 1348 961 1362 ..
985 1298 1092 1362 hetae-

71 1388 203 1469 riaeque
217 1387 307 1451 brevi
319 1387 407 1452 fient.
431 1385 537 1453 Satius
557 1389 665 1470 itaque
684 1391 733 1452 est
748 1388 927 1472 comparari
945 1409 991 1471 ea,
1010 1409 1092 1474 quae
1111 1405 1127 1452 2

73 1474 114 1539 ad
138 1477 329 1541 coercendos
353 1477 443 1563 ignes
468 1477 587 1542 auxilio
611 1499 680 1542 esse
703 1478 839 1561 possint,
864 1477 1092 1560 admonerique

73 1564 221 1629 dominos
244 1565 462 1650 praediorum,
492 1570 530 1630 ut
553 1570 585 1629 et
608 1566 672 1649 ipsi
694 1566 874 1650 inhibeant,
904 1587 954 1650 ac,
987 1567 1014 1630 si
1041 1587 1091 1630 res

31 1654 270 1738 repoposcerit,
293 1655 429 1720 adcursu
451 1655 565 1739 populi
588 1654 713 1720 adhoc
735 1655 792 1720 uti.

445 1819 563 1881 xxxv.
588 1814 723 1899 [xum]

278 1919 306 1967 0.
330 1920 469 1968 PLINIUS
494 1919 647 1968 TRAIANO
670 1921 896 1970 IMPERATORI.

142 2007 319 2074 Sollemnia
340 2014 418 2074 vota
444 2031 503 2094 pro
531 2010 754 2075 incolumitate
776 2014 846 2094 tua,
876 2033 940 2094 qua
961 2011 1093 2094 publice

75 2099 161 2162 selus
185 2100 375 2182 continetur,
399 2103 434 2163 et
449 2100 658 2183 suscepimus,
681 2099 818 2182 domine,
841 2101 961 2182 pariter
979 2104 1011 2163 et
1030 2100 1092 2164 sol-

32 2215 60 2254 so
74 2189 179 2252 vimus
203 2188 324 2270 precati
347 2187 438 2273 deos,
460 2192 497 2252 ut
519 2189 621 2253 velint
644 2209 681 2252 ea
704 2209 831 2271 semper
853 2189 935 2253 solvi
953 2209 1092 2271 semper-

72 2298 135 2360 que
155 2277 282 2361 signari.

444 2388 577 2448 xxxvi.
602 2381 725 2467 [xxxi

421 2489 594 2537 TRAIANUS
617 2489 747 2537 PLINIO.

139 2578 185 2644 Er
208 2579 341 2644 solvisse
370 2600 427 2644 vos
452 2600 525 2644 cum
552 2580 804 2664 provincislibus
833 2579 881 2644 dis
904 2580 1092 2646 immortuli-

35 2693 60 2734 2s
74 2670 134 2734 bus
171 2672 248 2732 vota
283 2689 342 2754 pro
378 2691 451 2732 mea
483 2668 586 2733 salute
627 2673 659 2733 et
691 2669 912 2733 incolumitate
949 2673 981 2732 et
1011 2691 1092 2732 nun-

72 2779 207 2841 cupasse
236 2754 389 2840 libenter,
422 2757 468 2821 mi
499 2755 644 2822 Secunde
680 2759 855 2842 carissime,
885 2758 1023 2843 cognovi
1041 2781 1092 2822 ex

70 2847 187 2912 litteris
210 2847 283 2911 tuis.

427 2957 576 3016 xxxvn.
601 2953 735 3038 [xcvi]

276 3058 305 3106 c.
329 3057 467 3105 Puuuus
493 3058 646 3106 uxarluo
670 3059 895 3107 messurum.

36 3175 62 3216 sc
141 3146 180 3212 In
207 3169 308 3231 aquae
336 3149 482 3233 ductum,
514 3148 655 3234 domine,
686 3147 936 3214 Nicomedenses
968 3151 1124 3233 impen-1

73 3239 187 3302 derunt
222 3233 287 3301 HS.
318 3234 414 3326 iffi)
444 3239 617 3321 ὒῑΟῑΧῙΧ,
653 3238 709 3320 qui
745 3238 952 3321 imperfectus
987 3239 1091 3304 adhuc

73 3327 202 3391 relictus
231 3330 327 3409 atque
355 3327 456 3391 etiam
485 3326 665 3391 destructus
694 3331 754 3411 est,
786 3349 895 3392 rursus
926 3329 960 3391 in
992 3328 1090 3398 elium

69 3425 280 3435 ...-.---.-

142 3469 158 3516 3
173 3466 290 3519 utantur
307 3467 444 3533 Momms,
460 3466 545 3520 KH.
601 3471 617 3519 9
632 3480 680 3520 eas
695 3466 921 3522 civitates—esse
935 3469 1049 3523 vexata-s
1064 3486 1091 3534 a,

73 3535 140 3592 Κλ.
214 3535 248 3590 24
268 3536 323 3591 diis
342 3537 431 3594 ticet
448 3539 528 3605 infra
547 3555 574 3604 a,
593 3535 670 3604 x.1;
689 3539 766 3608 adp.
778 3543 838 3593 159.
849 3543 891 3594 30.
