2482 3942
609 152 638 208 C.
656 152 754 206 PLINI

656 321 707 380 IX.

460 419 762 470 apamaenum
787 420 852 468 suo
877 420 903 468 s.

141 531 154 577 1
243 509 329 576 Olim
360 533 427 576 non
456 511 618 576 librum'
609 535 644 575 ιιι
675 531 798 593 manus,
824 531 933 574 nous
918 510 1028 574 stilum
1057 511 1200 594 sumpsi,

177 601 254 666 olim
277 601 395 684 nescio,
418 601 496 684 quid
519 601 562 665 sit
585 601 702 683 otium,
723 560 801 683 quid
824 599 928 683 quies,
952 598 1029 682 quid
1052 598 1200 682 denique

176 691 289 754 illud
279 711 363 754 mers
388 689 527 772 quidem,
548 689 723 754 iucundum
746 691 855 752 tamen
876 687 959 752 nihil
982 708 1086 773 agere,
1107 688 1199 751 nihil
1222 709 1229 756 ι’

176 801 258 862 esse3
286 780 364 843 adeo
392 779 494 842 multa
521 800 573 842 me
599 779 699 863 negot
699 778 730 842 ia
758 776 934 841 amicorum
960 797 1020 840 nec
1043 776 1198 841 secedere

141 885 156 933 2
175 890 235 933 nac
258 868 464 932 studeret
407 889 449 951 pa
449 867 582 931 tiuntur.
627 865 727 930 Nulla
752 866 837 930 enim
861 865 967 929 studia
993 865 1077 928 tanti
1107 870 1199 949 sunt,

175 961 213 1020 ut
244 956 404 1021 amicitiae
436 955 579 1020 officium
612 954 789 1038 deseratur,
825 954 911 1036 quod
947 953 1198 1040 religiosissime

176 1045 421 1110 custodiendum
445 1043 550 1109 studia
574 1044 644 1127 ipsa
665 1043 874 1127 praecipiunt.
911 1041 1001 1106 Vale.

664 1207 701 1267 X.
1211 1233 1219 1268 1

257 1351 258 1354 ,
325 1309 353 1357 0.
376 1308 515 1356 PLINIUS
539 1307 677 1356 FABATO
701 1306 906 1356 PROSOCERO
931 1307 996 1355 SUO
1020 1307 1050 1360 S.
1220 1227 1229 1316 i

143 1419 156 1466 1
243 1398 314 1475 Quo
338 1401 441 1485 magis
466 1398 557 1482 cupis
585 1420 624 1462 ex
651 1397 746 1461 nobis
768 1400 961 1481 pronepotes
988 1397 1107 1480 videre,
1129 1396 1196 1462 hoc

177 1489 303 1554 tristior
324 1488 433 1552 audies
456 1491 585 1572 neptem
611 1490 701 1550 tuam
724 1485 873 1549 abortum
900 1485 1023 1569 fecisse,
1051 1485 1128 1548 dum
1161 1507 1196 1550 se
1228 1515 1229 1526 ι

176 1575 852 1729 arsutssrsrfflsssrt
853 1596 985 1746 {fet
1003 1572 1196 1728 iiiiii

1210 1695 1218 1730 l

177 1752 280 1829 Quem
295 1775 434 1817 errorem
452 1666 888 1903 mpgnjgiplomenffisut,
816 1752 984 1836 expiavit
976 1773 1010 1814 ιιι
1027 1773 1196 1816 summum

143 1843 356 1926 opericulum
379 1842 524 1906 adducta.
560 1839 695 1926 Igitur,
696 1842 733 1903 ut
755 1860 883 1905 necesse
907 1844 956 1905 est
979 1841 1133 1926 graviter
1142 1863 1197 1906 ac·

179 1932 278 2014 cipias
302 1933 499 1995 senectutem
522 1933 612 1994 tuam
636 1929 728 2011 quasi
755 1929 875 2012 paratis
897 1929 1035 2013 posteris
1059 1929 1197 1994 destitu-

178 2017 807 2192 tsi:ltttttfflztttttt
802 2018 1059 2171 ‘saltet
1050 2040 1227 2192 isidi„

178 2198 252 2262 illos
283 2197 448 2280 reddituri,
485 2217 621 2279 quorum
658 2195 751 2260 nobis
789 2215 878 2279 spem
911 2197 1079 2260 certiorem
1113 2195 1195 2260 haec

178 2288 249 2369 ipsa
276 2308 471 2370 quamquam
497 2306 612 2369 pamm
639 2304 790 2368 prospere
819 2285 984 2368 explorata
1011 2284 1194 2349 fecunditas

144 2375 265 2439 sfacit.
310 2373 416 2439 Isdem
443 2394 529 2438 nunc
557 2394 617 2459 ego
647 2377 680 2437 tc
708 2372 825 2456 quibus
852 2373 958 2456 ipsum
988 2394 1039 2436 me
1069 2371 1194 2456 hortor,

179 2485 304 2547 moneo,
322 2463 485 2528 confirmo.
521 2460 635 2544 Neque
658 2461 743 2526 enim
762 2461 924 2526 ardentius
944 2464 980 2525 tu
998 2466 1193 2546 pronepotes

180 2574 277 2636 quam
301 2572 360 2638 ego
383 2550 502 2616 liberos
525 2551 634 2634 cupio,
657 2549 774 2634 quibus
799 2550 911 2614 videor
933 2572 951 2613 a
973 2571 1046 2614 meo
1069 2553 1192 2634 tuoque
1205 2575 1226 2614 a

178 2643 278 2706 latere
300 2662 438 2725 pronum
461 2639 502 2703 ad
524 2638 662 2703 honores
681 2638 743 2702 iter
766 2642 798 2703 et
816 2638 926 2703 audita
942 2639 1039 2702 latius
1058 2640 1190 2702 nomina

180 2735 212 2795 ct
238 2750 305 2794 non
334 2728 456 2794 subitas
488 2728 645 2814 imagines
676 2728 859 2810 relicturus,
891 2731 1064 2792 nascautur
1093 2727 1191 2792 modo

180 2823 212 2884 et
233 2818 321 2883 hunc
342 2821 489 2883 nostrum
513 2816 655 2881 dolorem
680 2816 797 2901 gaudio
820 2820 954 2880 mutent.
991 2815 1081 2880 Vale.

660 2979 712 3040 XI.

402 3082 430 3130 c
453 3081 591 3130 numius
614 3079 810 3129 msnunnru
835 3079 972 3128 sunus.
1200 3085 1222 3125 a

146 3190 159 3237 1
247 3171 327 3237 Cum
364 3172 524 3237 adfectum
561 3174 653 3235 tuum
690 3192 766 3256 erga
800 3170 910 3234 fratris
946 3169 1045 3234 filiam
1082 3171 1186 3271 cogito

181 3261 278 3323 etiam
304 3265 449 3325 materna
475 3260 654 3347 indulgent
630 3259 893 3342 tmolliorem,1a
920 3258 1074 3344 intellego
1102 3259 1187 3342 prius

182 3346 257 3430 tibi,
277 3348 370 3428 quod
398 3353 446 3413 est
472 3349 646 3432 posterius,
667 3346 895 3431 nuntiandum,
922 3351 959 3410 ut
986 3349 1186 3431 praesumpta

255 3519 422 3601 ls.untom
443 3523 486 3586 M,
505 3522 572 3576 K.I.
646 3525 784 3575 25aom
806 3519 1184 3587 M,K.1,viueoameoa
