2482 3942
586 143 614 198 C.
634 143 731 197 PLINI

632 312 684 371 IV.

403 413 430 460 c.
453 412 592 460 PLINIUS
617 413 773 462 uncamo
798 413 863 461 suo
888 413 915 461 s.

115 525 129 573 1
216 500 366 586 Vererer,
397 525 437 566 ne
460 503 655 567 inmodicam
683 503 861 568 orationem
891 506 1035 587 putares,
1068 523 1165 584 quam
1221 565 1222 570 ,

151 613 224 656 cum
246 591 308 656 hac
331 591 469 675 epistula
492 593 641 675 accipies,
673 592 736 656 nisi
759 596 842 658 esset
865 592 990 678 generis
1018 591 1101 672 eius,
1131 593 1167 652 ut

151 701 245 764 saepe
267 681 418 764 incipere,
441 702 534 764 saepe
558 681 702 746 desinere
723 681 878 746 videatur.
919 679 1003 744 Nam
1028 678 1166 764 singulis
1191 705 1200 744 I

115 753 339 850 210riminibus
363 771 507 854 singulae
530 772 619 835 velut
642 792 755 836 causae
781 771 994 835 continentur.
1039 767 1168 832 Poteris

151 881 242 944 erg0,
269 859 492 941 undecumque
516 860 672 944 coeperis,
702 860 897 943 ubicumque
921 858 1061 940 desieris,
1085 879 1167 940 quae

152 948 300 1031 deinceps
321 953 502 1032 sequantur,
525 952 558 1012 et
577 949 669 1031 quasi
686 949 873 1033 incipientia
890 949 996 1034 legere
1019 950 1052 1011 et
1075 946 1168 1029 quasi
1221 929 1222 1018 l

152 1035 355 1101 cohaerentia
382 1058 497 1119 meque
525 1038 561 1101 in
587 1037 795 1103 universitate
824 1037 1065 1123 longissimum,
1098 1034 1167 1098 bre

151 1127 318 1192 vissimum
342 1126 543 1210 inpartibus
566 1126 715 1190 iudicare.
761 1126 850 1191 Vale.
1182 1153 1203 1193 a

422 1374 449 1421 c.
474 1373 613 1422 PLINIUS
638 1374 759 1422 macru
783 1374 848 1422 suo
873 1373 899 1422 s,

119 1486 132 1533 1
218 1463 359 1550 Egregie
390 1464 470 1529 facis
503 1461 645 1549 (inquiro
670 1461 784 1550 enim),
817 1469 850 1529 et
871 1485 1053 1547 persevera,
1080 1463 1168 1546 quod
1221 1489 1222 1500 ¹

152 1553 311 1617 iustitiam
333 1556 424 1616 tuam
446 1553 698 1636 provincialibus
721 1553 825 1618 multa
851 1553 1052 1617 humanitate
1083 1573 1167 1616 com·

153 1642 297 1724 mendas3
317 1643 406 1706 ouius
425 1643 596 1726 praecipua
613 1664 687 1725 pars
710 1646 759 1707 est
776 1641 1040 1706 honestissimum
1059 1662 1168 1724 quem·
1181 1666 1201 1707 u
1221 1635 1222 1668 ¹

154 1752 215 1813 que
240 1731 399 1814 conplecti
422 1734 518 1814 atque
541 1733 587 1795 ita
610 1753 628 1794 a
651 1731 829 1795 minoribus
848 1731 957 1814 amari,
979 1735 1016 1794 ut
1034 1731 1168 1794 simula
1221 1743 1222 1808 q

118 1841 134 1888 2
153 1819 352 1903 principibus
372 1819 513 1906 diligere.
546 1819 695 1903 Plerique
714 1823 833 1903 autem,
850 1820 927 1884 dum
946 1823 1106 1902 verentur,
1128 1841 1167 1882 ne
1221 1825 1222 1884 l

154 1909 275 1993 gratiae
297 1909 479 1992 potentium
502 1910 638 1974 nimium
661 1910 814 1992 inpertire
836 1908 1019 1991 videantur,
1043 1909 1168 1972 siniste
1221 1903 1222 1996 l

153 1997 258 2062 ritatis
282 2002 378 2080 atque
406 1999 503 2061 etiam
531 1998 742 2082 malignitatis
768 1998 890 2062 famam
920 2001 1167 2080 consequuntur.

120 2085 185 2154 ΒΑ
208 2108 272 2170 quo
296 2087 376 2151 vitio
399 2090 436 2150 tu
459 2085 555 2172 longe
578 2088 738 2152 recessisti
765 2084 876 2173 (scio),
908 2086 964 2151 sed
990 2090 1167 2169 temperare
1180 2111 1202 2151 ss

155 2175 236 2240 mihi
258 2197 325 2240 non
347 2197 488 2259 possum,
512 2197 576 2258 quo
600 2177 706 2240 minus
729 2176 858 2239 laudem
876 2175 996 2240 similis
1014 2176 1168 2258 monenti,
1221 2225 1222 2234 2

155 2265 338 2347 quodcum
362 2265 494 2328 modum
516 2268 616 2347 tenes,
638 2267 675 2328 ut
694 2265 878 2329 discrimina
899 2265 1047 2328 ordinum
1067 2264 1168 2349 digni-

153 2357 322 2436 tatumque
342 2353 515 2439 custodias3
539 2355 666 2436 quaesi
685 2354 827 2437 confusa,
849 2353 987 2436 turbata,
1008 2355 1169 2436 permixta

156 2446 240 2526 sunt,
262 2441 345 2507 nihil
368 2446 417 2506 est
439 2443 508 2525 ipsa
531 2443 725 2526 aequalitate
749 2442 956 2526 inaequalius.
1002 2441 1093 2507 Vale.

636 2607 687 2666 VI.
1181 2627 1202 2666 rs

407 2707 434 2756 O.
457 2708 596 2756 PLINIUS
623 2707 782 2756 OALVISIO
806 2707 872 2756 SUO
896 2707 923 2756 S.

123 2817 136 2864 1
224 2794 327 2862 Omne
353 2797 417 2862 hoc
443 2802 571 2881 tempus
601 2799 685 2861 inter
710 2796 884 2884 pugillares
911 2819 950 2862 ac
971 2798 1100 2862 libellos
1123 2799 1168 2861 iu·
1221 2859 1222 2878 ,

157 2886 352 2951 oundissima
362 2887 469 2970 quiete
483 2887 654 2952 transmisi.
674 2885 787 2962 ‘Quem
799 2887 839 2952 ad
848 2886 991 2951 modum'
1006 2887 1114 2969 inquis
1124 2887 1169 2950 ‘in

157 2976 237 3039 urbe
258 2976 428 3059 potuisti‘?'
460 2973 623 3040 Circenses
647 2979 746 3059 erant,
768 2997 832 3059 quo
857 2997 972 3062 genera
996 2977 1168 3060 spectaculi
1221 2999 1222 3014 ³

156 3087 197 3129 ne
214 3065 376 3130 levissime
395 3066 524 3148 quidem
543 3069 662 3129 teneor.
691 3064 784 3130 Nihil
796 3086 926 3149 novum,
940 3064 1022 3128 nihil
1036 3066 1169 3146 varium,
1181 3089 1203 3129 II
1221 3129 1222 3166 ,

123 3152 254 3236 anihil,
277 3154 364 3237 quod
385 3175 452 3218 non
475 3155 573 3219 semel
597 3158 756 3237 spectasse
779 3154 926 3219 sufficiat.
973 3152 1043 3229 Quo
1067 3155 1169 3239 magis
1221 3171 1222 3236 q

159 3243 258 3306 miror
279 3246 330 3306 tot
353 3243 443 3307 milia
465 3244 607 3306 virorum
634 3247 701 3307 tam
724 3242 891 3326 pueriliter
916 3242 1091 3307 identidem
1119 3265 1169 3308 cu·

158 3353 233 3415 pere
257 3335 419 3396 currentes
443 3353 558 3416 equos,
581 3332 764 3396 insistentes
788 3330 932 3396 curribus
955 3330 1103 3396 homines
1126 3332 1170 3395 vi-

160 3419 241 3483 dere.
284 3417 319 3483 Si
342 3424 450 3485 tamen
473 3425 528 3486 aut
550 3421 721 3486 velocitate
744 3442 899 3505 equorum
923 3424 979 3485 aut
1000 3419 1168 3484 hominum
1221 3453 1222 3466 κ

160 3512 228 3572 arte
255 3507 470 3593 traherentur,
501 3516 585 3575 esset
612 3510 694 3575 ratio
722 3531 787 3575 non
814 3511 915 3595 nulla3
947 3531 1033 3576 nuno
1062 3511 1222 3590 favento,
