2480 3942
394 157 652 212 EPISTULARUM
671 163 748 214 a-s.
1013 157 1079 223 253

60 321 209 386 vindicat
226 319 390 385 Voconius
408 320 584 404 Romanus,
607 322 647 386 ab
673 322 803 388 ineunte
826 325 931 386 aetate
954 322 1079 386 condis-

62 411 193 494 cipulus
221 413 254 474 et
281 411 518 475 contubernalis
547 429 646 476 mens.
697 409 820 487 Quibus
844 433 888 476 -ex
915 411 1019 476 causis
1047 415 1113 476 eta

63 524 84 564 a
109 499 183 563 divo
211 502 301 583 patre
328 502 385 563 tuo
412 501 576 583 petieram,
603 504 641 563 nt
668 499 760 564 illum
787 501 822 564 in
845 499 1078 584 amplissimum

64 588 212 653 ordinem
234 593 445 672 promoveret.
493 586 555 652 Sed
580 589 643 652 hoc
666 592 778 653 votum
806 612 914 654 meum
942 589 1080 654 bonitati

33 681 143 744 atuae
165 681 361 742 reservatum
384 681 442 760 est,
465 677 540 761 quia
563 681 665 742 mater
687 676 826 743 Romani
852 679 1078 743 liberalitatem

65 765 206 831 sestertii
230 767 498 852 quadringenties,
517 768 604 850 quod
622 767 765 831 conferre
785 790 818 831 11
836 768 904 831 filio
924 767 1079 832 codicillis

65 855 109 920 ad
131 859 255 939 patrem
279 860 371 920 tuum
395 857 522 939 scriptis
545 855 689 939 professa
706 856 820 939 fuerat,
839 856 982 920 nondum
1002 857 1079 920 satis

64 945 212 1029 legitime
230 947 408 1030 peregerat3
428 945 514 1028 quod
532 948 644 1028 postea
661 945 739 1009 fecit
758 945 922 1009 admonita
940 969 959 1009 a
976 945 1079 1010 nobis.

65 1031 154 1098 Nam
178 1035 209 1098 et
231 1033 347 1098 fundos
371 1034 585 1118 emancipavit
612 1038 645 1098 et
667 1037 781 1117 cetera,
810 1057 890 1117 quae
917 1035 952 1098 in
975 1057 1080 1098 eman·
1099 1051 1115 1098 3

23 1150 51 1190 1o
67 1122 229 1205 cipatione
246 1122 408 1206 implenda
427 1123 531 1187 solent
549 1123 645 1209 exigi,
664 1123 906 1188 consummavit.
939 1121 1019 1186 Cum
1039 1123 1116 1188 1114

67 1233 147 1296 ergo
169 1211 307 1295 finitum,
335 1211 421 1295 quod
449 1233 520 1296 spes
548 1217 675 1276 nostras
702 1212 898 1295 morabatur,
920 1234 987 1276 non
1013 1213 1081 1276 sine

65 1300 907 1473 ttmllfflltllttttllltitillat?
915 1301 1082 1454 llll}

65 1478 181 1563 pietas,
194 1501 257 1561 qua
276 1482 307 1542 ot
323 1479 406 1544 hanc
424 1479 527 1564 ipsam
545 1479 657 1544 mobis
676 1479 901 1544 liberalitatem
921 1482 953 1543 et
972 1479 1081 1543 statim

25 1595 52 1636 11
67 1568 170 1651 patris
206 1567 415 1633 hereditatem
453 1571 485 1632 et
521 1569 727 1652 adoptionem
760 1591 778 1632 a
809 1569 923 1634 vitrico
955 1568 1080 1632 meruit.

67 1656 178 1742 Auget
214 1657 293 1721 haec
329 1661 362 1721 et
397 1657 553 1722 natalium
590 1661 622 1721 et
653 1660 858 1741 paternarum
890 1659 1116 1722 facultatumo

69 1745 232 1830 splendor;
257 1745 373 1829 quibus
396 1747 532 1832 singulis
554 1748 694 1812 multum
722 1747 1009 1812 commendationis
1032 1767 1081 1810 ao-

69 1855 233 1899 oessurum
266 1835 362 1898 etiam
396 1857 435 1899 ex
466 1836 546 1899 meis
578 1836 727 1919 precibus
759 1836 978 1921 indulgentiae
1008 1839 1082 1900 tuae

68 1923 172 1987 oredo.
209 1922 302 2009 Rogo
327 1945 413 2010 ergo,
436 1924 574 2007 domine,
597 1928 634 1989 ut
652 1947 704 1988 me
723 1925 983 2009 exoptatissimae
1001 1925 1082 1989 mihi
1102 1941 1117 1988 6

25 2041 53 2080 ao
68 2013 293 2099 gratulationis
326 2017 507 2096 compotem
534 2013 633 2078 facias
666 2016 698 2077 et
729 2014 883 2097 honestis,
911 2017 948 2078 ut
981 2035 1083 2097 spero,

67 2101 247 2166 adfectibus
270 2101 350 2166 meis
372 2106 523 2186 praestes,
546 2105 583 2166 ut
601 2124 667 2166 non
685 2104 719 2166 in
737 2124 789 2166 me
812 2106 948 2185 tantum,
970 2124 1082 2167 verum

68 2195 101 2255 et
124 2191 159 2254 in
182 2190 285 2256 amico
310 2191 441 2276 gloriari
464 2191 591 2255 iudiciis
615 2191 679 2255 tuis
702 2192 833 2275 possim.

267 2438 294 2487 e.
319 2438 458 2487 PLINIUS
483 2438 636 2487 TRAIANO
660 2438 887 2488 IMPERATORI.

26 2555 54 2596 ss
136 2529 289 2592 Proximo
317 2551 415 2612 anno,
443 2530 585 2613 domine,
617 2529 806 2615 gravissima
828 2529 1009 2594 valetudine
1032 2546 1117 2594 us-1

69 2639 132 2702 que
156 2618 196 2682 ad
218 2618 395 2702 periculum
423 2619 507 2682 vitae
535 2623 667 2682 vexatus
695 2620 880 2702 iatralipten
907 2619 1084 2702 adsumpsi3

69 2707 161 2772 cuius
185 2707 394 2771 sollicitudini
422 2712 454 2772 et
477 2708 583 2771 studio
610 2711 684 2771 tuae
712 2711 838 2772 tantum
865 2708 1083 2794 indulgentiae

68 2795 226 2860 beneficio
249 2795 366 2859 referre
390 2797 526 2883 gratiam
548 2818 659 2881 parem
681 2818 822 2881 possum.
869 2796 972 2872 Quare
995 2815 1118 2883 rog0,a

69 2885 125 2949 des
150 2885 180 2948 ei
203 2885 365 2950 civitatem
388 2885 577 2950 Romanam.
609 2885 670 2950 Est
693 2887 779 2949 enim
802 2888 987 2972 peregrinae
1011 2908 1084 2951 con-

27 3001 55 3041 so
70 2973 206 3039 dicionis
234 2975 450 3039 manumissus
478 2997 496 3039 a
524 2975 699 3061 peregrina.
745 2973 890 3038 Vocatur
912 2976 981 3059 ipse
1004 2975 1085 3040 Har-

68 3085 193 3147 pocras,
210 3066 379 3146 patronam
397 3065 511 3129 habuit
525 3063 738 3128 Thermuthin
751 3063 902 3147 Theonis,
920 3086 1001 3148 quae
1019 3064 1084 3129 iam

69 3153 195 3237 pridem
211 3152 361 3218 detimota
378 3158 433 3217 est.
470 3152 551 3218 Item
566 3175 655 3238 rogo,
669 3152 724 3216 des
738 3152 788 3217 ius
804 3151 977 3229 Quiritium
990 3153 1085 3218 liber-

69 3242 112 3306 tis
127 3239 288 3306 Antoniae
300 3241 506 3326 Maximillae,
521 3241 742 3307 ornatissimae
754 3242 902 3325 feminae,
916 3241 1039 3307 Hediae
1053 3248 1085 3307 et

68 3331 92 3415 †
111 3328 272 3396 Antoniae
291 3328 486 3417 Harmeridi3
510 3330 597 3415 quod
614 3354 633 3396 a
651 3334 682 3394 te
701 3334 830 3413 petente
847 3335 982 3414 patrona
1000 3337 1084 3416 peto.

143 3475 178 3523 14
197 3471 281 3540 prius
299 3472 327 3524 et
346 3487 396 3526 om.
416 3489 443 3537 a,
462 3471 531 3526 KJ.
610 3475 643 3523 34
668 3469 832 3542 [Antoniae]
851 3471 938 3538 ΚΠ,
962 3471 1085 3542 Agathe·

69 3541 173 3597 meridi
194 3543 320 3598 Memmi.
