2482 3942
353 133 610 188 EPISTULARUM
628 134 679 187 Vn
698 141 723 203 1,
742 141 767 188 r.
1004 137 1065 200 171

54 318 195 379 somnus,
222 297 314 380 coepi
340 301 487 380 reputare
515 297 673 368 maximos
701 302 842 363 oratores
874 298 936 363 hoc
969 299 1067 364 studii

54 408 155 472 genus
184 389 215 449 et
242 387 277 449 in
304 385 571 450 oblectationibus
598 386 748 452 habuisse
776 392 808 451 et
836 388 870 451 in
894 388 988 452 laude
1011 410 1066 471 po-

54 476 163 538 suisse.
209 472 337 538 Intendi
364 475 507 538 animum
540 479 713 560 contraque
746 477 929 559 opinionem
962 499 1065 541 meam
1103 494 1119 542 a

53 568 127 647 post
153 565 284 649 longam
313 562 553 628 desuetudinem
580 586 734 649 perquam
762 566 878 651 exiguo
911 567 1065 650 temporis

29 656 217 717 amomento
241 651 275 716 id
297 654 413 736 ipsum,
437 653 522 736 quod
545 675 596 716 me
623 652 664 717 ad
688 654 890 718 scribendum
914 655 1065 719 sollicita-

53 745 150 826 verat,
172 741 224 805 his
246 741 390 806 versibus
413 742 553 806 exaravi:

54 847 159 913 ‘Cum
182 847 304 912 libros
329 846 432 912 Galli
454 848 635 934 legerem,
659 849 797 932 quibus
821 851 888 914 ille
911 851 1064 934 parenti
1103 867 1118 915 6

52 958 165 1001 ausus
181 935 223 1000 de
238 934 421 1002 Cicerone
436 937 522 1001 dare
537 942 595 1002 est
608 940 850 1022 palmamque
865 939 1064 1024 decusque,

51 1027 238 1090 lascivum
262 1025 392 1090 inveni
413 1027 539 1090 lusum
563 1024 766 1092 Ciceronis
790 1032 826 1091 et
849 1027 919 1092 illo

14 1139 39 1178 ²⁰
52 1116 236 1268 11111111
241 1116 908 1289 111115111113111111111111
931 1121 968 1181 ⁰l
991 1139 1063 1202 ‘¹¹¹⁰

51 1313 273 1378 magnorum
297 1294 469 1358 ostendit
492 1297 637 1358 mentes
660 1293 826 1380 gaudere
849 1295 1027 1358 virorum.

50 1381 144 1446 Nam
182 1382 368 1465 queritur,
410 1382 510 1466 quod
545 1383 679 1447 fraude
715 1383 813 1447 mala
852 1383 1064 1447 frustratus

786 1477 976 1536 amantem

15 1560 215 1643 rspaucula
239 1563 375 1623 cenato
399 1559 475 1624 sibi
497 1560 629 1646 debita
652 1561 757 1626 savia
780 1559 869 1625 'liro

50 1655 222 1730 tempore
248 1652 439 1713 nocturno
467 1650 715 1715 subtraxerit.
753 1649 823 1714 His
852 1671 922 1735 ego
949 1650 1064 1714 lectis

51 1737 133 1805 ‘cur
145 1740 234 1819 post
246 1736 360 1818 haec',
374 1738 541 1821 inquam,
556 1737 721 1804 ‘nostros
737 1739 903 1804 celamus
918 1760 1064 1804 amores

7 1865 9 1882 .
49 1825 275 1909 nullumque
318 1826 357 1899 in
401 1827 564 1891 medium
610 1828 738 1892 timidi
780 1829 910 1892 damus
951 1832 1064 1912 atque

810 1917 976 1981 fatemur
1027 1915 1030 1922 '

7 2017 37 2066 'ro
50 2002 282 2086 Tironisque
306 2003 430 2086 dolos,
453 2002 607 2069 Tironis
630 2027 743 2070 nosse
766 2006 923 2092 fugaces

49 2091 262 2155 blanditias
285 2095 322 2155 et
349 2093 453 2156 furta
479 2115 597 2157 novas
626 2093 806 2159 addentia
833 2094 1063 2158 flammas?''

49 2180 175 2244 Transii
207 2180 247 2243 ad
279 2182 400 2266 elegos;
431 2180 491 2245 hos
524 2204 651 2267 quoque
683 2204 750 2247 non
781 2184 886 2247 minus
920 2184 1065 2247 celeriter
1102 2200 1117 2248 7

48 2269 202 2352 explicui3
235 2269 342 2332 addidi
375 2270 500 2334 iambos
531 2270 687 2336 facilitate
717 2276 894 2357 corruptus.
935 2271 1064 2336 Deinde

47 2360 82 2422 in
105 2358 219 2421 urbem
242 2380 387 2424 reversus
410 2359 573 2424 sodalibus
595 2361 669 2446 legi.
714 2359 943 2426 Probaverrmt.
984 2359 1063 2424 Inde
1099 2377 1116 2425 8

8 2453 35 2510 ’11
47 2449 142 2532 plura
165 2450 281 2529 metra,
309 2448 336 2510 si
360 2448 437 2532 quid
460 2449 532 2531 otii,
560 2471 597 2514 11
624 2449 763 2513 maxime
790 2450 825 2513 in
847 2451 961 2514 itinere
983 2453 1063 2513 tem-

46 2536 146 2621 ptavi.
188 2534 355 2600 Postremo
379 2538 500 2620 placuit
523 2539 670 2622 exemplo
693 2539 869 2603 multorum
893 2560 1064 2602 11111111-

47 2625 187 2708 paratim
223 2625 562 2709 hendecasyllaborum
599 2628 751 2691 volumen
787 2628 967 2710 absolvere,
1004 2648 1063 2691 nec

47 2713 200 2797 paenitet.
245 2712 392 2800 Legitur,
429 2715 635 2798 describitur,
668 2720 815 2781 cantatur
851 2717 947 2780 etiam
981 2720 1013 2780 et
1044 2738 1063 2780 a
1100 2732 1115 2780 9

50 2801 178 2866 Graecis
203 2822 339 2886 quoque,
358 2825 438 2886 quos
459 2802 573 2868 Latine
590 2803 687 2868 huius
709 2805 812 2869 libelli
831 2827 922 2869 amor
944 2804 1063 2887 docuit,

12 2913 133 2955 anunc
157 2890 288 2974 cithara,
306 2914 391 2956 nunc
408 2893 479 2975 lyra
496 2897 693 2977 personatur.
731 2891 793 2960 Sed
817 2894 894 2977 quid
917 2898 1062 2980 egotam
1083 2909 1117 2958 10

48 2980 210 3066 gloriose?
247 2978 447 3064 Quamquam
470 2983 574 3066 poetis
596 2982 702 3046 furere
726 3004 911 3048 concessum
935 2987 991 3047 est.
1019 2981 1063 3047 Et

46 3073 157 3133 tamen
185 3090 252 3133 non
282 3069 320 3133 de
352 3091 433 3154 meo,
463 3071 518 3134 sed
550 3071 588 3134 de
620 3072 757 3136 aliorum
786 3072 905 3136 iudicio
932 3073 1062 3156 loquor3

48 3159 103 3242 qui
141 3158 208 3222 sive
244 3157 387 3223 iudicant
424 3158 490 3223 sive
526 3164 642 3243 errant,
678 3183 729 3224 me
762 3161 906 3225 delectat.
952 3160 1062 3226 Unum

119 3301 154 3349 20
173 3295 283 3367 fugacis
302 3298 443 3353 Baehrens
461 3299 555 3370 Frpm.
570 3317 601 3368 p.
611 3301 646 3353 L.
652 3317 682 3368 p.
689 3304 744 3354 273
769 3301 798 3353 V.
815 3301 911 3354 Haase
930 3301 968 3354 ad
986 3301 1060 3355 Rois.

48 3369 103 3422 lect.
122 3373 228 3423 11522.
301 3373 335 3421 23
359 3368 466 3423 iambos
487 3372 613 3425 Memora.
633 3371 966 3438 Hem.111105‚K.11‚
990 3370 1061 3425 alios

50 3441 162 3506 Μνςα,
177 3441 246 3506 Κ.Ι,
266 3439 338 3493 altos
353 3441 414 3510 Dp.
477 3447 510 3494 25
530 3457 562 3494 ac
578 3443 621 3508 M,
640 3443 761 3497 11111111.
825 3447 858 3495 33
878 3442 1002 3496 delectat
1018 3444 1060 3508 M,

49 3510 221 3582 8111191677,
242 3510 384 3565 delectant
402 3513 474 3583 oalq.
