2442 3940
147 177 187 231 lV
552 176 757 231 PRAEFATIO

217 347 427 423 Epistularum
445 345 526 404 Plini
545 346 583 404 ad
601 347 763 404 Traianum
784 348 814 404 et
833 347 956 404 Traiani
974 344 1013 402 ad
1029 344 1166 402 Plinium

152 428 275 516 (quibus
303 453 356 493 nos
386 437 418 493 in
446 435 637 494 adnotatione
666 437 750 493 etin
772 434 869 493 indice
892 435 1049 492 brevitatis
1072 452 1167 493 causa

152 542 259 582 nomen
283 524 310 581 X
338 524 408 582 libri
437 524 473 582 ab
501 523 579 582 Aldo
608 525 712 582 datum
739 515 928 604 reliquimus)
958 523 1076 581 nullum
1101 525 1166 580 iam

149 612 261 671 librum
278 615 529 688 manuscriptum
547 612 714 687 habuimus
729 615 869 686 quoniam
887 613 978 688 periit
1000 614 1035 685 is,
1049 630 1084 669 ex
1103 630 1165 686 quo

149 701 299 760 Avantius
320 721 346 760 a.
363 703 448 760 1502
468 703 611 778 epistulas
626 703 788 776 41-121,
806 700 901 760 Aldus
920 721 946 760 a.
966 702 1050 759 1508
1070 703 1165 758 etiam
1207 731 1208 762 ;

150 793 263 866 primas
287 791 489 868 quadraginta
514 789 676 849 ediderunt.
723 790 810 848 Nunc
834 788 941 848 Oxonii
964 789 1094 849 codicem
1117 789 1164 846 in·
1207 777 1208 832 Ῐ

148 882 270 938 ventum
294 897 356 938 esse
380 879 477 938 audio.
1207 875 1208 882 '

172 1044 175 1050 .
216 968 265 1026 Ad
293 971 469 1046 panegyrici
496 970 696 1027 recensionem
728 970 847 1043 praeter
878 977 986 1043 parvas
1019 967 1165 1042 reliquias

149 1057 336 1138 palimpsesti
354 1057 585 1116 Ambrosiani
605 1048 654 1137 (de
674 1056 780 1131 quibus
799 1077 827 1116 v.
845 1056 913 1114 Keil
934 1055 993 1114 ind.
1012 1055 1081 1114 Hal.
1100 1056 1164 1114 hib.

152 1138 253 1227 1869)
276 1147 372 1204 multo
395 1146 530 1205 meliores
553 1146 645 1205 libros
668 1163 759 1220 quam
781 1145 896 1204 Keilius
918 1144 1055 1203 adhibuit
1077 1143 1166 1205 Aem.

147 1235 331 1295 Baehrens
358 1238 390 1293 in
416 1237 665 1311 panegyricorum
693 1234 822 1294 editione
846 1255 871 1292 a.
893 1235 992 1308 1874,
1015 1236 1165 1310 optimum
1207 1239 1208 1312 J

148 1326 280 1382 omnium
303 1323 555 1399 Upsaliensem
574 1323 602 1382 A
619 1323 710 1399 praef.
730 1344 759 1399 p.
773 1322 978 1400 XXI-XXV,
1001 1325 1165 1398 postquam
1207 1323 1208 1344 ¹

149 1407 258 1470 ‘Plinii
281 1414 478 1493 panegyricus
501 1415 563 1470 iam
585 1413 746 1487 impressus
771 1406 858 1470 erat'.

214 1501 279 1578 Ego
302 1502 358 1560 hoc
380 1501 455 1559 mihi
477 1503 627 1577 proposui,
651 1503 686 1559 ut
708 1502 844 1578 neglecta
866 1502 996 1576 plurima
1026 1500 1165 1559 codicum

149 1592 179 1648 et
202 1592 363 1648 ceterorum
388 1590 538 1649 editorum
561 1590 760 1666 discrepantia
780 1609 814 1649 ea
833 1592 977 1663 notarem,
1000 1588 1167 1664 inquibus

148 1698 166 1736 a
191 1678 289 1737 Keilio
314 1682 344 1737 et
366 1679 547 1738 Baehrensio
570 1679 643 1737 haec
667 1679 759 1738 editio
783 1679 971 1754 discreparet.

215 1945 380 2020 Postquam
408 1963 458 2004 sex
485 1946 599 2021 primae
627 1945 716 2003 huius
745 1944 884 2003 editionis
912 1945 1052 2021 plagulae
1080 1946 1166 2021 typis

148 2051 302 2110 expressae
324 2035 402 2108 sunt,
424 2036 549 2112 cognovi
570 2035 631 2092 iam
653 2052 731 2092 anno
754 2034 838 2093 1895
861 2033 1090 2092 Ricoardianum
1114 2053 1165 2091 eo·

149 2122 243 2181 dicem
257 2121 426 2181 Florentiae
441 2122 477 2180 ab
492 2123 526 2180 11.
540 2124 572 2181 Τ.
585 2122 749 2180 Μ11111Ιο
764 2122 988 2196 diligentissime
1004 2138 1165 2180 excussum

150 2211 275 2286 eiusque
299 2229 406 2285 operae
425 2211 572 2268 rationem
589 2209 737 2268 redditam
760 2227 822 2267 esse
844 2209 876 2266 in
901 2203 979 2267 ‘The
1002 2209 1167 2269 1111111111

149 2299 277 2358 Journal
296 2299 331 2357 of
345 2294 520 2375 Philology'
542 2299 598 2357 vol.
617 2298 689 2356 XVI
706 2317 734 2374 p.
750 2298 934 2357 468-490.
966 2297 1039 2355 Inde
1057 2301 1167 2374 repeto

148 2389 235 2446 haec:
272 2407 300 2466 p.
318 2389 344 2444 1.
365 2389 383 2445 8
408 2388 565 2445 11011-
590 2388 683 2462 paulo
707 2386 876 2445 accuratius
895 2417 939 2427 —
964 2388 1003 2444 18
1029 2390 1098 2445 ante
1120 2419 1163 2428 —

150 2480 177 2534 2.
196 2477 237 2535 28
261 2476 392 2535 triclinia
419 2475 473 2534 illa
500 2474 630 2552 popine?
658 2476 730 2551 quid
758 2473 901 2550 euripus?
924 2475 996 2550 quid
1024 2475 1167 2536 cubicula

151 2598 189 2606 —
218 2566 282 2625 3.4
306 2567 471 2624 excute-
496 2566 559 2623 11
585 2567 638 2623 aut
659 2595 695 2606 -
724 2565 764 2622 19
788 2567 853 2621 tum
871 2597 915 2604 —
939 2566 981 2622 20
1005 2564 1078 2639 quid
1096 2583 1166 2624 sen-

149 2656 225 2713 tiam
245 2687 286 2695 —
313 2655 354 2712 24
378 2673 489 2729 quaero
510 2671 565 2712 om.
584 2687 628 2694 —
648 2655 675 2712 5.
697 2653 838 2728 linquit
859 2653 965 2711 babeat
981 2654 1069 2726 Fpr,
1088 2655 1166 2729 KI,

150 2743 212 2802 ouo
240 2761 271 2816 p.
292 2743 423 2816 sessa,
452 2759 505 2801 om.
535 2745 621 2802 ettam
648 2743 690 2816 R,
713 2742 800 2800 ΚΠ
826 2773 869 2782 —-
898 2743 938 2801 29
967 2742 1067 2817 inquit
1094 2749 1168 2802 aute

149 2833 333 2908 interrogavi
346 2831 429 2904 Fpr,
445 2849 498 2891 oms.
514 2833 600 2890 ettam
614 2833 644 2889 R
662 2863 705 2872 —-
726 2832 753 2889 6.
771 2831 811 2888 18
831 2829 942 2906 plinius
963 2864 1004 2870 —
1025 2832 1052 2888 8.
1070 2835 1087 2891 9
1108 2851 1166 2890 no-

149 2925 286 2979 tasse-
307 2922 346 2979 26
368 2921 562 2996 optinere-
583 2923 609 2979 9.
627 2922 667 2979 35
688 2919 814 2997 gloriam
832 2937 891 2977 non
910 2951 954 2960 -
974 2921 1024 2978 10.
1042 2923 1058 2978 7
1079 2922 1167 2994 quod

150 3041 190 3050 —
216 3010 234 3068 8
260 3009 399 3084 culpatur
419 3043 460 3050 -
486 3011 536 3067 11.
552 3011 592 3068 32
618 3009 691 3067 mihi
709 3011 810 3067 tamen
831 3041 873 3048 —
900 3011 950 3066 12.
966 3010 1006 3066 21
1032 3009 1166 3086 quando,

148 3116 207 3156 boa
226 3097 404 3174 quandoque
423 3127 467 3138 -
486 3098 612 3174 contigit
630 3129 674 3139 -—
694 3100 733 3157 31
754 3097 865 3157 bonum
886 3129 926 3138 ——
953 3099 1060 3156 13.18
1081 3115 1166 3156 acer-

149 3187 207 3246 sita
228 3219 269 3231 -
295 3189 335 3246 25
359 3190 494 3264 pignora,
513 3205 573 3246 aaa
590 3188 714 3264 pignera
735 3219 775 3228 -
802 3188 851 3244 14.
868 3189 885 3244 2
910 3186 1097 3244 incredibiles
1118 3219 1164 3230 —-

151 3277 191 3333 32
217 3295 271 3352 ego
301 3298 343 3315 -·-
371 3276 526 3335 fortissimi
553 3279 648 3334 morte
679 3308 716 3316 -
750 3276 856 3333 15.18
886 3277 950 3332 tum
978 3267 1088 3356 (11119)
1118 3308 1165 3318 —

155 3365 261 3422 1616
280 3363 407 3422 milicius
423 3365 597 3423 aemilianus
617 3365 762 3423 scilianus
775 3394 820 3404 —
836 3365 885 3422 11.
902 3365 941 3424 25
961 3364 1041 3439 perit
1054 3397 1098 3404 —
1118 3367 1163 3424 27

150 3451 288 3511 comoedo
313 3483 351 3492 -
379 3454 485 3511 1813
510 3451 592 3512 audii
619 3485 660 3493 -
686 3454 725 3511 16
751 3455 840 3527 aptae
867 3485 912 3492 -
936 3454 977 3510 24
1001 3451 1080 3510 idem
1104 3456 1163 3527 qui

149 3541 181 3599 in
205 3540 388 3600 orationibus
416 3542 476 3600 suis
503 3545 548 3601 est
574 3572 619 3582 —
647 3544 730 3601 19.1
756 3559 831 3616 quas
854 3558 908 3600 om.
936 3573 981 3582 -
1009 3543 1027 3599 3
1052 3541 1166 3619 dignus
