2442 3940
346 153 605 208 EPISTULARUM
623 155 636 207 I
654 159 750 208 8-10.
1014 155 1053 219 11

38 318 132 381 rebus
155 317 351 400 absumpsil’
404 316 498 394 Quod
534 319 640 382 evenit
677 317 773 400 mihi,
809 321 980 402 postquam
1018 317 1088 383 in4

37 405 233 471 Laurentino
257 428 329 471 meo
353 411 409 472 aut
431 409 505 493 lego
528 407 652 491 aliquid
674 411 730 471 aut
749 407 855 472 scribo
878 408 1053 472 autetiam
1083 457 1103 508 Α
1156 465 1173 490 Τ

38 497 166 579 corpori
188 517 276 579 vace,
301 496 391 560 cuius
417 496 548 562 fulturis
576 497 701 560 animus
730 496 913 560 sustinetur.
959 493 1053 568 Nihil
1071 513 1087 563 c
1104 481 1214 563 25:15&

38 585 143 670 audio,
165 576 253 666 quod
271 584 406 668 audisse,
429 585 512 649 nihil
531 585 612 668 dico,
635 585 722 668 quod
741 585 858 649 dixisse
877 585 1053 671 paeniteat,

7 694 132 738 anemo
155 674 242 756 apud
265 678 316 738 me
340 694 534 757 quemquam
554 675 691 739 sinistris
715 674 916 738 sermonibus
941 675 1053 759 carpit,

36 763 198 827 neminem
221 763 291 846 ipse
313 763 522 846 reprehendo,
544 763 608 828 nisi
626 766 735 827 tamen
757 785 818 846 me,
842 783 915 827 cum
938 785 1052 846 parum

37 851 206 916 commode
239 851 359 935 scribe,
391 851 481 916 nulla
513 874 583 936 spe,
615 851 705 916 nullo
737 853 853 916 timore
886 850 1053 936 sollicitor,

9 941 135 1004 'nullis
171 941 354 1024 rumoribus
387 941 564 1024 inquietor,
596 961 722 1005 mecum
754 944 881 1006 tantum
914 944 946 1005 et
979 963 1053 1007 cum

35 1028 155 1093 libellis
178 1029 302 1112 loquor.
345 1026 372 1093 Ο
395 1034 517 1096 rectam
540 1030 760 1113 sinceramque
783 1030 893 1113 vitam,
917 1051 936 1094 o
960 1030 1053 1095 dulce
1072 1047 1088 1097 6

7 1141 24 1182 ιι
37 1119 140 1182 otium
163 1117 400 1202 honestumque
424 1141 462 1184 ac
480 1140 580 1202 paene
604 1119 694 1182 omni
716 1119 848 1205 negotio
871 1118 1052 1202 pulchrius!

36 1205 61 1271 0
86 1229 185 1290 mare,
213 1207 343 1289 clitus,
369 1229 482 1272 verum
510 1211 731 1290 secretumque
758 1217 927 1290 μουσεῖον,
955 1229 1052 1292 quam

34 1297 139 1360 multa
162 1295 323 1378 invenitis,
346 1316 444 1379 quam
466 1297 569 1361 multa
592 1297 734 1360 dictatis!
757 1295 896 1361 Proinde
914 1301 951 1360 tu
975 1318 1051 1379 quo·
1073 1315 1087 1363 7

7 1415 8 1456 ;
35 1407 98 1468 qne
122 1385 294 1468 strepitum
316 1385 415 1449 istum
438 1385 629 1469 inanemque
656 1385 834 1450 discursum
858 1389 890 1450 et
913 1386 1052 1450 multum

7 1467 8 1536 l
34 1474 164 1558 ineptos
195 1472 335 1556 labores,
368 1477 405 1537 ut
436 1474 578 1558 primum
609 1474 707 1539 fuerit
740 1475 878 1557 eccesie,
907 1474 1053 1557 relinque

7 1566 131 1646 utaque
154 1561 269 1627 studiis
293 1563 345 1626 vel
368 1563 434 1627 otio
458 1563 556 1628 trade.
601 1561 709 1628 Satius
733 1567 782 1628 est
805 1565 904 1646 enim,
923 1567 960 1628 ut
982 1561 1052 1628 Ati·
1071 1582 1087 1630 8

7 1652 95 1720 lius
133 1655 245 1716 noster
281 1650 494 1716 eruditissime
532 1653 628 1716 simul
665 1656 697 1716 et
733 1652 927 1716 facetissime
960 1652 1052 1735 dixit,

35 1741 178 1806 otiosum
202 1761 271 1804 esee
294 1759 390 1823 quam
413 1740 496 1806 nihil
519 1762 622 1826 agere.
668 1739 759 1805 Vale.

212 2005 239 2053 0.
263 2005 402 2054 PLINIUS
425 2006 533 2053 Arrio
559 2006 738 2053 chaudum
762 2005 828 2054 suo
854 2005 880 2054 s,

7 2111 24 2176 lo
101 2093 137 2160 Si
167 2094 295 2179 quando
323 2094 399 2159 urbs
426 2099 536 2160 nostra
565 2095 754 2160 liberalibus
783 2097 897 2162 studiis
931 2096 1085 2180 floruit,1
1175 2157 1179 2166 ,
1213 2149 1214 2160 ι

33 2205 119 2248 nunc
150 2184 290 2256 maxime
319 2182 420 2249 floret.
466 2183 575 2248 Multa
603 2185 752 2267 claraque
784 2186 931 2268 exempla
961 2192 1050 2272 sunt3
1071 2203 1120 2266 aq:
1146 2195 1186 2257 ι·

34 2273 199 2339 sufficeret
220 2295 329 2355 unum,
348 2271 530 2356 Euphrates
554 2273 776 2356 philosophus.
813 2272 910 2340 Hunc
933 2297 994 2361 ego
1019 2277 1053 2340 in
1087 2267 1173 2364 yslt„
1186 2274 1214 2358 J„

34 2360 137 2446 Syria,
162 2383 236 2427 cum
259 2361 518 2426 adulescentulus
544 2361 727 2444 militarem,
755 2362 885 2445 penitus
908 2367 941 2428 et
964 2364 1052 2428 domi
1088 2348 1114 2386 ³³
1142 2360 1171 2396 '¹

7 2493 8 2520 ι
34 2451 162 2536 inspexi
189 2450 353 2533 amarique
380 2449 421 2514 ab
450 2471 487 2513 eo
515 2451 672 2535 laboravi3
701 2451 761 2515 etsi
783 2473 850 2515 non
873 2455 942 2517 erat
964 2452 1052 2516 labo-

34 2541 180 2605 randum.
217 2537 278 2603 Est
301 2540 387 2603 enim
411 2539 524 2604 obvius
548 2544 581 2604 et
604 2539 769 2622 expositus
792 2540 970 2624 plenusque
992 2540 1051 2604 hu-

7 2683 8 2700 ,
35 2629 204 2711 manitate,
241 2649 337 2712 quam
374 2629 538 2711 praecipit.
592 2626 702 2711 Atque
736 2629 861 2693 utinam
894 2631 940 2693 sic
972 2629 1087 2714 ipse,3

36 2740 132 2802 quam
157 2738 247 2800 spem
270 2720 349 2781 tunc
371 2715 426 2780 ille
450 2716 488 2780 de
511 2739 562 2781 me
592 2717 748 2802 concepit,
776 2718 986 2802 impleverim,
1014 2723 1051 2783 ut

36 2808 88 2872 ille
112 2805 449 2871 multumvirtutibus
473 2805 539 2869 suis
563 2805 698 2871 addidit!
722 2810 778 2870 aut
796 2828 855 2892 ego
874 2827 961 2871 nunc
978 2805 1051 2873 illas

7 2949 9 2980 ,
36 2897 138 2982 magis
158 2895 265 2978 miror,
284 2895 360 2977 quia
374 2895 477 2980 magis
496 2894 659 2981 intellege.
692 2894 893 2979 Quamquam
912 2918 952 2960 ne
966 2917 1052 2962 nunc

7 2981 533 3139 “ltttlditlibttdl
556 2983 1088 3156 ,qmmqesqqqqqnqoqffiqi

7 3141 9 3200 l
39 3163 217 3248 perspicere
246 3161 431 3245 sapientem.
478 3121 640 3237 Quintum
672 3165 782 3226 tamen
813 3161 893 3225 mihi
926 3096 1093 3254 elimaret⁸

40 3251 139 3335 datur,
167 3250 271 3314 multa
298 3249 333 3314 in
359 3248 526 3333 Euphrate
554 3251 600 3314 sic
628 3251 770 3315 eminent
797 3255 829 3315 et
857 3252 992 3335 elucent,
1017 3257 1054 3316 ut
1157 3319 1163 3331 ,

40 3340 241 3405 mediocriter
263 3359 392 3422 quoque
412 3339 524 3404 doctos
543 3340 712 3404 advertant
735 3343 767 3404 et
786 3340 945 3406 adficient.
982 3323 1194 3408 Dis-⁸⁸*l²'⁴'''¹

9 3449 30 3490 a
42 3434 130 3511 putat
154 3426 326 3511 subtiliter,
344 3428 493 3513 graviter,
516 3432 637 3512 ornate,
659 3407 964 3511 frequentb'r‘etiam
982 3428 1054 3493 Pla-

7 3561 8 3576 ι
40 3521 179 3583 tonicam
211 3516 302 3581 illam
340 3517 571 3582 sublimitatem
609 3521 640 3581 et
675 3517 881 3582 latitudinem
919 3517 1053 3600 effingit.
