2482 3942
583 156 611 212 C.
630 156 729 212 PLINI

330 447 366 522 c.
393 447 527 520 mim
557 445 745 520 cunoni
773 345 980 522 succum

293 609 334 708 E
362 609 402 708 P
428 608 452 707 I
481 605 513 708 S
542 608 579 706 Τ
614 607 658 708 U
684 607 724 707 L
751 606 799 708 A
826 609 869 708 R
895 607 938 708 U
964 609 1014 708 M

488 818 620 884 LIBER
644 816 819 884 SEXTUS.

602 963 709 972 ...-

643 1055 667 1114 Ι.

417 1156 445 1203 o.
469 1155 608 1204 renerus
633 1155 754 1204 ninom
777 1155 842 1204 sco
868 1155 894 1203 s.
1199 1166 1211 1206 ε

111 1265 125 1313 1
213 1246 315 1323 Quam
339 1247 393 1310 diu
417 1267 477 1332 ego
500 1250 590 1311 trans
612 1245 750 1329 Padum,
777 1249 814 1310 tu
841 1245 876 1310 in
897 1244 1030 1330 Piceno,
1053 1244 1165 1311 minus

144 1341 177 1402 te
209 1335 425 1420 requirebam3
458 1339 630 1419 postquam
663 1356 724 1420 ego
752 1336 787 1399 in
808 1336 907 1418 nrbe,
934 1339 971 1399 tu
999 1335 1105 1399 adhuc
1128 1336 1167 1400 in
1235 1341 1236 1394 ἐ

143 1426 277 1508 Piceno,
301 1424 404 1489 multo
430 1425 548 1509 magis,
576 1445 632 1488 seu
661 1424 748 1506 quod
774 1423 845 1508 ipsa
866 1425 954 1507 loce,
981 1424 1016 1488 in
1044 1424 1165 1508 quibus
1235 1435 1236 1480 ἶ

146 1537 214 1579 esse
236 1535 301 1577 una
324 1513 474 1596 solemus,
493 1514 597 1578 aerius
620 1534 672 1577 me
692 1512 742 1576 tui
765 1517 980 1597 commonent,
998 1535 1054 1578 seu
1074 1513 1166 1596 quod

146 1603 337 1666 desiderium
362 1602 544 1667 absentium
566 1602 649 1666 nihil
672 1602 804 1685 perinde
832 1623 869 1666 ec
892 1601 1041 1667 vicinitas
1065 1603 1210 1686 acuit,1o

146 1712 273 1776 quoque
296 1691 429 1774 propius
453 1693 624 1755 accesseris
643 1691 683 1754 ed
706 1713 796 1775 spem
818 1690 956 1772 fruendi,
974 1691 1037 1756 hoc
1060 1693 1166 1775 impa-

110 1781 279 1846 2tientius
312 1800 427 1844 careas.
483 1779 646 1864 Quidquid
674 1780 709 1844 in
741 1801 849 1862 cause,
882 1781 969 1864 cripe
1001 1801 1053 1844 me
1084 1779 1166 1845 huic
1235 1787 1236 1844 1

144 1873 321 1954 tormento,
344 1870 426 1954 voni,
449 1872 506 1933 aut
529 1890 589 1954 ego
617 1869 704 1952 illuc,
731 1869 815 1932 unde
842 1869 1023 1934 inconsulte
1047 1891 1166 1954 prope·
1235 1895 1236 1926 i

145 1959 223 2042 ravi,
245 1962 388 2023 revertar
409 1959 461 2022 rel
484 1957 526 2022 ob
549 1959 612 2022 hoc
635 1958 750 2039 solnm,
770 1961 809 2030 ,ut
832 1959 987 2042 experiar,
1005 1980 1047 2022 an
1069 1959 1164 2043 mihi,

146 2069 220 2112 cum
244 2048 312 2111 sine
336 2069 386 2112 me
410 2046 532 2111 Romae
556 2046 697 2130 coeperis
722 2067 798 2130 esse,
822 2045 942 2112 similes
966 2047 1017 2111 his
1040 2047 1204 2130 episto-15
1235 2047 1236 2098 l

145 2137 193 2200 las
216 2137 335 2200 mittas.
381 2135 471 2200 Vale.
1235 2159 1236 2162 ’

636 2228 674 2286 Π.

402 2328 431 2377 0.
454 2329 592 2377 PLINIUS
616 2328 769 2377 unumne
794 2330 860 2378 suo
885 2331 911 2378 S.

112 2438 127 2486 1
214 2417 309 2485 Soleo
336 2442 403 2484 non
429 2441 606 2503 numquam
634 2420 670 2483 in
695 2420 823 2485 iudiciis
851 2442 1001 2504 quaerere
1034 2419 1076 2484 M.
1101 2419 1165 2484 Re·
1235 2403 1236 2430 ¹

111 2527 127 2576 2
146 2511 268 2596 gulum,
291 2511 367 2574 nolo
392 2509 477 2573 enim
501 2509 604 2573 dicere
623 2508 810 2574 desiderare.
841 2508 906 2574 Gur
924 2531 1000 2596 ergo
1020 2511 1164 2593 quaero?
1180 2536 1207 2576 so
1235 2529 1236 2552 ³

146 2596 294 2663 Habebat
319 2597 434 2662 studiis
457 2599 622 2682 honorem,
645 2598 788 2680 timebat,
812 2598 962 2682 pallebat,
993 2597 1165 2684 scribebat,
1235 2637 1236 2684 ;

147 2688 293 2772 quamvis
307 2710 374 2752 non
385 2691 496 2772 posset
511 2686 657 2751 ediscere.
688 2685 774 2750 lllud
792 2687 909 2772 ipsum,
924 2688 1012 2770 quod
1031 2689 1164 2752 oculum
1235 2745 1236 2756 ,

146 2777 242 2842 modo
263 2777 420 2859 dextrum,
437 2775 533 2840 modo
553 2776 717 2840 sinistrum
737 2776 990 2860 circumlinebat,
1004 2777 1165 2860 dextrum,

146 2867 173 2930 si
188 2889 207 2930 a
221 2867 367 2949 petitore,
382 2867 528 2948 alterum,
543 2867 571 2930 si
589 2887 608 2928 c
625 2885 808 2948 possessore
822 2869 906 2930 esset
921 2869 1060 2949 acturus,
1074 2867 1165 2948 quod

147 2956 318 3019 candidum
345 2955 504 3040 splenium
532 2953 567 3017 in
594 2953 657 3018 hoc
689 2957 745 3017 aut
775 2955 810 3018 in
841 2953 922 3019 illud
954 2955 1165 3038 supercilium
1181 2981 1207 3021 ss

146 3044 373 3128 transferebat,
406 3044 493 3127 quod
525 3065 651 3126 semper
686 3042 871 3126 haruspices
904 3043 1091 3108 consulebat
1123 3043 1165 3108 de

148 3133 283 3197 actionis
306 3137 433 3215 eventu,
455 3155 474 3196 e
496 3132 597 3196 nimia
620 3132 858 3215 superstitione,
877 3132 933 3196 sed
955 3137 1065 3196 tamen
1088 3136 1122 3196 et
1145 3155 1166 3196 a

111 3237 127 3284 3
147 3242 265 3306 magno
290 3222 468 3285 studiorum
491 3221 615 3285 honore
637 3220 794 3284 veniebat.
835 3219 904 3286 Iam
927 3221 985 3286 illa
1006 3242 1165 3306 perquam

147 3309 287 3373 iucunda
309 3331 374 3373 una
397 3309 586 3394 dicentibus,
611 3310 698 3392 quod
719 3308 822 3373 libera
849 3315 997 3394 tempora
1023 3309 1166 3396 petebat,
1235 3343 1236 3350 κ

148 3396 235 3478 quod
253 3397 417 3462 audituros
438 3397 637 3484 corrogabat.
666 3397 749 3474 Quid
768 3399 854 3464 enim
872 3400 1044 3464 iucundius
1065 3422 1165 3486 quam
1179 3428 1204 3468 ao
1235 3439 1236 3480 3

222 3540 255 3588 25
275 3537 321 3590 alt.
341 3535 370 3588 in
389 3551 440 3590 om.
459 3538 563 3605 Dpro.
