2458 3940
158 145 223 211 356
595 143 623 198 s.
643 143 740 198 111111

104 309 152 376 66
223 307 300 374 Non
331 309 488 393 transilui,
520 311 627 392 patres
660 307 847 391 conscripti,
878 307 1033 390 principis
1066 308 1168 372 nostri

158 399 376 482 consulatum,
405 398 459 462 sed
487 399 623 462 eundem
650 397 685 460 in
711 398 820 461 locum
850 397 985 478 contuli,
1013 395 1169 478 quidquid
1211 393 1212 488 1

158 485 196 550 (11
219 487 288 552 iure
310 486 445 552 iurando
464 486 633 551 dicendum
652 489 728 550 erat.
764 485 878 567 Neque
897 485 982 548 enim
1000 488 1037 548 ut
1056 484 1092 548 in
1110 489 1170 549 ste-

157 575 210 639 rili
233 575 403 660 ieiunaque
426 577 559 640 materia
582 573 715 639 eandem
738 574 876 657 speciem
897 573 1002 638 laudis
1020 573 1169 638 diducere

122 683 195 730 aec
218 685 366 749 spargere
390 668 485 748 atque
509 665 684 728 identidem
702 667 839 727 tractare
857 661 1017 726 debemus.
1054 661 1169 726 Illuxc
1193 679 1212 728 1

157 756 208 817 rat
220 754 343 842 primus
362 755 547 818 consulatus
566 754 615 817 tui
634 753 709 835 dies,
729 773 792 835 qno
811 755 847 816 tu
866 753 987 816 curiam
1005 752 1168 836 ingressus

157 863 243 906 nune
266 843 419 929 singulos,
442 863 527 906 nune
550 842 716 906 universos
739 840 928 905 adhortatus
952 863 985 904 es
1009 862 1169 905 resumere

157 929 348 1016 libertatem,
381 952 544 1014 capessere
576 932 669 1014 quasi
698 930 877 994 communis
909 931 1035 1014 imperii
1069 951 1170 1011 ouras,

122 1019 326 1105 ainvigilare
358 1020 494 1104 publicis
531 1020 727 1084 utilitatibus
760 1024 791 1082 et
822 1020 995 1105 insurgere.
1051 1016 1169 1082 Omnes

157 1112 231 1174 ante
253 1113 286 1173 te
309 1110 419 1174 eadem
438 1111 500 1173 1111
518 1110 676 1192 dixerunt,
694 1109 816 1172 nemini
832 1112 942 1172 tamen
959 1111 1033 1170 ante
1052 1111 1086 1172 te
1105 1129 1169 1172 cre
1183 1103 1212 1173 sl

157 1197 260 1262 ditum
284 1202 349 1264 est..
377 1198 479 1262 Erant
498 1199 557 1262 sub
577 1199 678 1262 oeulis
696 1198 865 1282 naufragia
882 1198 1069 1279 multorum,
1088 1217 1169 1280 quos

156 1287 310 1352 insidiosa
328 1289 562 1370 tranquillitate
579 1289 747 1370 provectos
766 1287 959 1368 improvisus
979 1284 1075 1349 turbo
1100 1307 1170 1369 per-

158 1375 286 1440 culerat.
320 1374 412 1452 Quod
431 1377 515 1440 enim
534 1379 601 1440 tam
620 1376 755 1439 infidum
773 1395 859 1440 mare
879 1397 975 1458 quam
993 1374 1170 1439 blanditiae

156 1465 338 1549 principum
362 1466 500 1548 illorum,
520 1465 636 1547 quibus
659 1468 749 1529 tanta
767 1465 891 1548 levitas,
908 1467 999 1527 tanta
1015 1464 1115 1546 fraus,
1133 1467 1171 1527 ut

156 1554 283 1618 facilius
307 1558 390 1618 esset
414 1555 512 1620 iratos
537 1576 635 1637 quam
658 1554 816 1637 propitios
838 1553 978 1617 habere?
1022 1552 1068 1616 Te
1092 1575 1170 1618 vero
1186 1581 1206 1618 11

121 1643 260 1714 41111111
284 1647 315 1706 11
338 1642 466 1726 alacres,
490 1665 554 1727 quo
578 1663 682 1726 vocas,
705 1643 876 1725 sequimur.
917 1640 1011 1706 Iubes
1041 1663 1111 1705 esse
1133 1641 1172 1704 li-

157 1729 264 1814 beros3
279 1732 410 1816 erimus3
425 1732 525 1814 iubes,
535 1753 615 1815 qnae
631 1731 795 1814 sentimus,
804 1752 951 1814 promere
964 1731 997 1793 in
1011 1731 1172 1814 medium3

157 1819 362 1900 proferemus.
408 1820 522 1904 Neque
554 1822 639 1885 enim
672 1819 776 1884 adhuc
808 1820 938 1905 ignavia
969 1819 1107 1903 quadam
1139 1825 1173 1884 et

156 1907 254 1971 insito
283 1912 413 1993 torpore
441 1909 648 1992 cessavimus3
670 1914 773 1972 terror
799 1913 832 1972 et
859 1913 963 1972 metus
991 1911 1023 1972 et
1050 1909 1173 1973 misera

157 1995 214 2061 illa
236 2020 276 2061 ex
298 1999 447 2081 perieulis
469 1999 555 2063 faeta
578 1998 747 2083 prudentia
769 1998 930 2079 monebat,
952 2002 989 2061 ut
1011 2019 1030 2060 a
1052 2018 1088 2060 re
1112 2020 1174 2082 pu·
1188 2025 1212 2082 sq

157 2086 241 2152 blica
268 2083 373 2172 (nulla
399 2091 467 2152 erat
494 2092 601 2152 autem
630 2087 760 2151 omnino
792 2107 842 2152 res
871 2084 1012 2172 publiea)
1046 2088 1176 2168 oeulos,

122 2196 257 2259 sauros,
280 2178 404 2241 animos
428 2181 650 2241 averteremus.
681 2173 727 2238 Aa
750 2197 835 2240 nunc
858 2179 914 2239 tua
937 2174 1066 2238 dextera
1089 2176 1175 2238 tuis-
1211 2217 1212 2220 =

157 2285 219 2346 que
236 2266 402 2347 promissis
420 2265 496 2329 freti
519 2269 550 2330 et
573 2265 676 2328 innixi
695 2264 849 2348 obsaepta
867 2265 990 2328 diutina
1014 2265 1176 2328 servitute
1211 2285 1212 2304 ¹

157 2374 213 2416 ora
235 2375 412 2417 reseramus
435 2354 656 2436 frenatamque
681 2357 731 2417 tot
754 2355 847 2418 malis
869 2354 1013 2438 linguam
1036 2353 1178 2417 resolvi-

156 2464 236 2507 mus.
274 2440 332 2506 Vis
356 2443 442 2506 enim
465 2444 545 2506 tales
569 2463 729 2525 essenos,
757 2444 866 2525 quales
895 2442 994 2524 iubes,
1020 2439 1176 2524 nihilque
1190 2463 1212 2514 11

157 2530 435 2596 exhortationibus
467 2533 531 2596 tuis
562 2531 721 2614 fucatum,
753 2530 835 2595 nihil
867 2530 1051 2612 subdolum,
1084 2531 1176 2594 nihil

157 2620 301 2704 denique,
329 2622 415 2703 quod
443 2621 624 2686 credentem
651 2620 763 2684 fallere
785 2623 875 2703 paret
901 2641 967 2684 non
994 2619 1061 2682 sine
1087 2623 1176 2701 peri-

157 2710 229 2772 culo
264 2709 414 2774 fallentis.
468 2709 581 2792 Neque
618 2709 703 2773 enim
741 2730 893 2791 umquam
930 2710 1081 2791 deceptus
1121 2715 1176 2772 est

156 2799 313 2882 princeps,
336 2798 398 2862 nisi
423 2800 479 2880 qui
501 2800 589 2881 prius
613 2799 681 2882 ipse
705 2799 837 2880 decepit.

104 2887 147 2953 67
222 2886 380 2971 Equidem
413 2887 500 2951 hunc
531 2888 674 2970 parentis
707 2887 830 2970 publici
861 2907 990 2950 sensum
1023 2907 1098 2950 cum
1132 2911 1176 2952 ex
1189 2901 1212 2974 11

157 2976 301 3040 oratione
328 2978 396 3040 eius
425 2980 494 3039 turn
521 2977 783 3059 pronuntiatione
805 2975 875 3058 ipsa
898 2975 1101 3058 perspexisse
1126 2979 1177 3040 vi·
1211 3027 1212 3080 p

228 3174 242 3220 1
261 3168 392 3221 transilui
410 3169 479 3234 AV,
498 3170 536 3222 K.
556 3167 711 3237 (transsilui
728 3169 811 3238 KJ),
832 3167 972 3220 transilivi
985 3167 1048 3234 Ro,
1064 3169 1176 3223 Baehr.
1211 3209 1212 3218 .

158 3239 199 3306 Of.
210 3243 288 3291 711.
357 3245 389 3291 15
409 3239 519 3292 felicius
538 3241 625 3308 Lipa,
645 3240 768 3293 securius
788 3240 888 3293 Bcehr.
957 3237 1092 3292 alnella
1109 3245 1176 3294 erat
1211 3263 1212 3302 1

157 3309 251 3360 autem
260 3309 322 3362 dett.
332 3310 408 3363 codd.
419 3309 507 3378 (nulla
521 3313 577 3362 aut.
594 3313 662 3377 erat,
677 3313 846 3364 enatantem
861 3325 933 3363 omn.
948 3308 1027 3362 nulla
1040 3312 1112 3380 oll.),
1125 3314 1177 3370 K..
1211 3305 1212 3362 7

158 3378 219 3428 erat
232 3379 326 3430 autem
341 3382 383 3444 M,
398 3381 496 3434 aberat
509 3384 604 3434 autem
619 3383 719 3435 Rcebr.
774 3387 807 3434 22
825 3381 940 3434 dextera
954 3381 1040 3445 codd„
1055 3383 1177 3441 Baehr..

158 3445 256 3497 dextra
275 3450 311 3500 K.
380 3456 412 3500 23
432 3451 548 3519 obsepta
568 3453 605 3505 K.
674 3458 708 3505 26
727 3451 800 3505 nihil
818 3451 940 3520 denique
959 3454 996 3506 K.
1016 3453 1084 3506 diss.
1100 3457 1124 3507 I
1132 3462 1178 3514 14.

159 3515 268 3580 Baelo„
287 3518 406 3584 denique
425 3519 496 3572 nihil
515 3523 580 3574 Κ.Ι
593 3540 626 3576 ee
643 3540 692 3578 suo
711 3525 748 3587 A,
769 3522 890 3591 denique
909 3541 959 3578 orn.
981 3524 1023 3590 M,
1044 3525 1139 3580 ΚΠ.
