2482 3942
363 143 620 198 EPISTULARUM
638 144 690 197 VH
709 149 820 199 re-sa
1034 145 1096 210 185

82 309 166 389 loeo,
188 307 364 393 iungimur3
391 328 466 370 nam
489 307 569 370 mihi
592 307 725 391 primus,
748 308 803 391 qui
826 330 845 371 a
868 312 900 372 te
922 309 1096 392 proximus.

83 394 288 471 Quinetiam
310 397 345 460 in
371 397 571 461 testamentis
598 397 695 461 debes
721 397 904 482 adnotass03
934 398 998 461 nisi
1025 399 1096 481 quis

81 485 167 554 forte
189 483 335 550 alterutri
362 489 508 549 nostrum
536 486 762 569 amicissimus,
793 485 904 550 eadem
930 486 1037 572 legata
1065 491 1097 551 et

82 573 213 658 quidem
236 574 356 658 pariter
377 573 560 657 accipimus.
607 573 694 650 Quae
718 575 826 638 omnia
852 575 916 639 hue
943 580 1131 661 spectant?

54 667 120 728 sut
141 663 280 728 invicem
303 655 465 727 ardentius
488 662 674 750 diligamus,
702 685 775 728 eum
798 667 849 728 tot
878 664 1015 730 vinculis
1037 686 1096 728 nos

81 751 198 835 studia,
221 773 335 837 mores,
356 752 452 835 fama,
471 773 619 836 suprema
637 751 774 836 denique
791 750 960 818 hominum
979 752 1097 818 iudicia

80 840 314 927 constringant.
354 838 445 905 Vale.

552 970 630 1028 XXI.

332 1069 359 1117 c.
382 1069 522 1118 samius
547 1070 710 1118 cessuro
734 1070 799 1119 suo
824 1071 850 1120 s.

35 1185 63 1224 1o
149 1158 260 1244 Parae,
284 1159 407 1246 collega
425 1160 597 1245 carissime,
615 1165 648 1225 et
665 1160 846 1225 infirmitati
865 1161 1040 1244 oculorum,
1058 1166 1096 1226 ut
1115 1178 1129 1226 1

78 1248 188 1332 iubes,
218 1250 359 1314 consulo.
404 1246 490 1312 Nam
518 1252 550 1313 et
577 1250 643 1315 huc
664 1252 751 1314 teoto
779 1249 926 1314 vehiculo
954 1249 1095 1334 undique

77 1338 224 1402 inclusus
243 1339 335 1422 quasi
352 1338 387 1401 in
401 1337 548 1402 cubiculo
563 1339 694 1422 perveni
708 1343 740 1402 et
753 1337 885 1402 hicnon
900 1339 974 1403 stilo
990 1340 1095 1422 modo,

76 1448 194 1490 rerum
217 1427 313 1491 etiam
335 1426 527 1491 leccionibus
551 1427 736 1510 difficulter,
759 1427 814 1491 sed
836 1427 981 1492 abstineo
1007 1428 1096 1492 solis-

78 1537 145 1598 que
168 1515 299 1579 auribus
322 1515 443 1580 studeo.
476 1513 631 1581 Cubicula
650 1515 798 1580 obductis
816 1517 895 1580 velis
920 1538 1019 1601 opaea
1037 1533 1130 1581 neca

35 1631 61 1671 15
77 1609 191 1669 tamen
214 1605 348 1669 obscura
370 1605 463 1670 facie.
496 1602 761 1690 Cryptoporticus
784 1625 912 1688 quoque
934 1606 1095 1690 adopertis

77 1693 287 1759 inferioribus
309 1693 457 1758 fenestris
479 1697 606 1758 tantum
629 1695 762 1758 umbrae
785 1698 941 1777 quantum
964 1695 1096 1760 luminis

76 1781 187 1846 habet.
233 1780 288 1846 Sic
309 1783 465 1867 paulatim
488 1783 593 1848 lucem
616 1783 698 1847 ferre
722 1782 880 1848 condisce.
925 1783 1095 1848 Balineum
1114 1799 1130 1847 a

77 1871 224 1954 adsumo,
248 1871 323 1955 quia
345 1872 489 1955 prodest,
511 1873 637 1956 vinum,
660 1872 735 1956 quia
758 1894 824 1936 non
847 1877 954 1956 nocet,
979 1873 1096 1956 parois-

78 1960 161 2024 sime
184 1964 300 2026 tamen.
344 1959 396 2025 Ita
419 1961 557 2044 adsuevi,
587 1965 620 2024 et
641 1981 727 2024 nuno
750 1966 857 2026 eustos
880 1962 977 2026 adest.
1024 1960 1130 2026 Gal-s

33 2048 181 2116 solinum
205 2053 242 2113 ut
265 2054 333 2114 ate
351 2049 482 2114 missam
501 2049 639 2114 libenter
661 2051 783 2134 accepi3
807 2071 903 2132 quam
922 2052 999 2115 satis
1018 2051 1096 2115 acri-

77 2139 145 2290 117ῑῖ
161 2138 272 2222 oeulis,
291 2159 485 2222 quamquam
503 2137 608 2204 adhue
621 2139 738 2223 lippus,
756 2139 1001 2225 pinguissimam
1020 2139 1094 2204 vidi.

145 2248 171 2290 e.

542 2339 635 2397 ΧΧΠ.

335 2439 365 2492 0.
386 2439 525 2487 annuus
550 2439 702 2487 runooru
726 2425 797 2488 suo'
815 2439 841 2487 s.

32 2557 60 2598 ss
148 2526 256 2592 Minus
279 2529 445 2594 miraberis
473 2552 524 2594 me
554 2533 621 2593 tam
648 2529 805 2593 instanter
832 2529 963 2614 petisse,
995 2532 1031 2593 ut
1061 2529 1128 2593 in1

78 2618 220 2683 amioum
243 2639 351 2683 meum
375 2617 534 2682 conferres
558 2619 767 2702 tribunatum
790 2639 863 2682 oum
887 2618 1004 2702 scieris,
1023 2619 1095 2701 quis

78 2705 136 2771 ille
160 2707 334 2790 qualisque.
366 2706 502 2771 Possum
525 2711 633 2772 autem
656 2709 722 2772 iam
744 2707 805 2771 tibi
828 2711 860 2771 et
878 2729 997 2771 nomen
1014 2707 1095 2771 indi-

78 2817 153 2860 care
171 2800 204 2860 et
222 2796 398 2860 describere
416 2797 532 2882 ipsum,
550 2801 722 2880 postquam
740 2794 911 2879 polliceris.
939 2795 1000 2861 Est
1019 2793 1095 2860 Gor·
1113 2811 1129 2860 2

78 2884 185 2949 nelius
238 2883 445 2968 Minicianus,
482 2890 705 2950 ornamentum
737 2886 878 2971 regionis
914 2907 1004 2949 meae
1039 2907 1095 2950 seu

34 3003 62 3044 ss
79 2973 239 3060 dignitate
262 2995 318 3039 seu
340 2975 492 3038 moribus.
523 2972 629 3038 Natus
649 2973 813 3058 splendide
831 2973 974 3038 abundat
995 2973 1094 3038 facul-

78 3062 215 3148 tatibus,
243 3067 330 3129 amat
353 3059 525 3146 studiant
549 3062 653 3127 solent
675 3084 839 3148 pauperes.
878 3060 968 3127 Idem
987 3063 1095 3128 rectis-

80 3153 181 3216 simus
200 3152 305 3237 iudex,
327 3151 521 3218 fortissimus
541 3151 723 3234 advocatus,
741 3152 862 3216 amicus
880 3151 1094 3217 fidelissimus.

79 3241 253 3324 Accepisse
275 3246 308 3305 te
326 3241 516 3306 beneficium
536 3243 653 3324 credes,
675 3263 748 3306 cum
767 3241 899 3324 propius
918 3241 1094 3326 inspexeris
1113 3255 1129 3303 3

80 3329 245 3395 hominem
279 3331 428 3394 omnibus
459 3330 650 3414 honoribus,
683 3330 832 3394 omnibus
864 3331 968 3394 titulis
999 3327 1095 3416 (nihil

38 3447 65 3488 as
81 3420 155 3485 volo
180 3419 295 3483 elatius
319 3419 357 3483 de
376 3419 612 3484 modestissimo
631 3419 700 3483 viro
719 3415 838 3505 dicere)
856 3441 974 3503 parem.
1005 3417 1093 3483 Vale.
