<?xml version="1.0" encoding="UTF-8"?>
<!DOCTYPE html PUBLIC "-//W3C//DTD XHTML 1.0 Transitional//EN"
    "http://www.w3.org/TR/xhtml1/DTD/xhtml1-transitional.dtd">
<html xmlns="http://www.w3.org/1999/xhtml" xml:lang="en" lang="en">
 <head>
  <title>
</title>
<meta http-equiv="Content-Type" content="text/html;charset=utf-8" />
  <meta name='ocr-system' content='tesseract 3.04.00' />
  <meta name='ocr-capabilities' content='ocr_page ocr_carea ocr_par ocr_line ocrx_word'/>
</head>
<body>
  <div class='ocr_page' id='page_1' title='image "./cplinicaecilise00mlgoog_0364.png"; bbox 0 0 2458 3940; ppageno 0'>
   <div class='ocr_carea' id='block_1_1' title="bbox 323 131 1064 200">
    <p class='ocr_par' dir='ltr' id='par_1_1' title="bbox 323 131 1064 200">
     <span class='ocr_line' id='line_1_1' title="bbox 323 131 1064 200; baseline 0.019 -14"><span class='ocrx_word' id='word_1_1' title='bbox 323 131 576 188; x_wconf 79' lang='lat' dir='ltr'><strong>PANEGYRIOUS</strong></span> <span class='ocrx_word' id='word_1_2' title='bbox 596 139 704 190; x_wconf 69' lang='grc'><strong>618-</strong></span> <span class='ocrx_word' id='word_1_3' title='bbox 716 141 788 189; x_wconf 48' lang='grc'>632.</span> <span class='ocrx_word' id='word_1_4' title='bbox 999 136 1064 200; x_wconf 83' lang='grc'>353</span> 
     </span>
    </p>
   </div>
   <div class='ocr_carea' id='block_1_2' title="bbox 45 296 1098 472">
    <p class='ocr_par' dir='ltr' id='par_1_2' title="bbox 45 296 1098 472">
     <span class='ocr_line' id='line_1_2' title="bbox 45 296 1063 382; baseline 0.003 -22"><span class='ocrx_word' id='word_1_5' title='bbox 45 319 134 379; x_wconf 88' lang='lat' dir='ltr'>quos</span> <span class='ocrx_word' id='word_1_6' title='bbox 157 317 214 360; x_wconf 86' lang='lat' dir='ltr'>vos</span> <span class='ocrx_word' id='word_1_7' title='bbox 245 296 420 382; x_wconf 73' lang='lat' dir='ltr'>elegeratis,</span> <span class='ocrx_word' id='word_1_8' title='bbox 449 301 481 361; x_wconf 88' lang='lat' dir='ltr'>et</span> <span class='ocrx_word' id='word_1_9' title='bbox 502 298 580 362; x_wconf 82' lang='lat' dir='ltr'>fecit</span> <span class='ocrx_word' id='word_1_10' title='bbox 606 298 669 363; x_wconf 89' lang='lat' dir='ltr'>hcc</span> <span class='ocrx_word' id='word_1_11' title='bbox 693 299 812 382; x_wconf 84' lang='lat' dir='ltr'>ordine,</span> <span class='ocrx_word' id='word_1_12' title='bbox 840 321 903 382; x_wconf 94' lang='lat' dir='ltr'>quo</span> <span class='ocrx_word' id='word_1_13' title='bbox 929 299 1023 364; x_wconf 87' lang='lat' dir='ltr'>electi</span> <span class='ocrx_word' id='word_1_14' title='bbox 1045 322 1063 364; x_wconf 92' lang='lat' dir='ltr'>a</span> 
     </span>
     <span class='ocr_line' id='line_1_3' title="bbox 45 385 1098 472; baseline 0.003 -22"><span class='ocrx_word' id='word_1_15' title='bbox 45 385 145 450; x_wconf 85' lang='lat' dir='ltr'>vobis</span> <span class='ocrx_word' id='word_1_16' title='bbox 163 389 261 450; x_wconf 90' lang='lat' dir='ltr'>erant.</span> <span class='ocrx_word' id='word_1_17' title='bbox 287 385 424 472; x_wconf 85' lang='lat' dir='ltr'>Magnus</span> <span class='ocrx_word' id='word_1_18' title='bbox 443 390 578 470; x_wconf 88' lang='lat' dir='ltr'>uterque</span> <span class='ocrx_word' id='word_1_19' title='bbox 596 386 701 452; x_wconf 88' lang='lat' dir='ltr'>honor</span> <span class='ocrx_word' id='word_1_20' title='bbox 718 392 830 471; x_wconf 87' lang='lat' dir='ltr'>vester,</span> <span class='ocrx_word' id='word_1_21' title='bbox 850 388 916 452; x_wconf 87' lang='lat' dir='ltr'>sive</span> <span class='ocrx_word' id='word_1_22' title='bbox 929 387 1063 452; x_wconf 78' lang='lat' dir='ltr'>eosdem</span> <span class='ocrx_word' id='word_1_23' title='bbox 1083 405 1098 454; x_wconf 80' lang='lat' dir='ltr'>e</span> 
     </span>
    </p>
   </div>
   <div class='ocr_carea' id='block_1_3' title="bbox 6 475 1111 3140">
    <p class='ocr_par' dir='ltr' id='par_1_3' title="bbox 6 475 1111 3140">
     <span class='ocr_line' id='line_1_4' title="bbox 45 475 1063 561; baseline 0.003 -23"><span class='ocrx_word' id='word_1_24' title='bbox 45 476 191 538; x_wconf 86' lang='lat' dir='ltr'>maxime</span> <span class='ocrx_word' id='word_1_25' title='bbox 219 475 334 560; x_wconf 81' lang='lat' dir='ltr'>diligit,</span> <span class='ocrx_word' id='word_1_26' title='bbox 362 497 442 558; x_wconf 86' lang='lat' dir='ltr'>quos</span> <span class='ocrx_word' id='word_1_27' title='bbox 470 476 531 540; x_wconf 86' lang='lat' dir='ltr'>scit</span> <span class='ocrx_word' id='word_1_28' title='bbox 557 477 649 540; x_wconf 80' lang='lat' dir='ltr'>vobis</span> <span class='ocrx_word' id='word_1_29' title='bbox 678 499 746 541; x_wconf 78' lang='lat' dir='ltr'>esse</span> <span class='ocrx_word' id='word_1_30' title='bbox 775 479 965 561; x_wconf 76' lang='lat' dir='ltr'>carissimos,</span> <span class='ocrx_word' id='word_1_31' title='bbox 997 479 1063 543; x_wconf 82' lang='lat' dir='ltr'>sive</span> 
     </span>
     <span class='ocr_line' id='line_1_5' title="bbox 44 563 1064 652; baseline 0.002 -24"><span class='ocrx_word' id='word_1_32' title='bbox 44 563 116 628; x_wconf 88' lang='lat' dir='ltr'>illis</span> <span class='ocrx_word' id='word_1_33' title='bbox 140 564 300 629; x_wconf 89' lang='lat' dir='ltr'>neminem</span> <span class='ocrx_word' id='word_1_34' title='bbox 324 564 471 648; x_wconf 86' lang='lat' dir='ltr'>praefert,</span> <span class='ocrx_word' id='word_1_35' title='bbox 497 566 643 648; x_wconf 84' lang='lat' dir='ltr'>quamvis</span> <span class='ocrx_word' id='word_1_36' title='bbox 671 567 811 649; x_wconf 79' lang='lat' dir='ltr'>aliquem</span> <span class='ocrx_word' id='word_1_37' title='bbox 839 568 941 652; x_wconf 82' lang='lat' dir='ltr'>magis</span> <span class='ocrx_word' id='word_1_38' title='bbox 970 570 1064 630; x_wconf 87' lang='lat' dir='ltr'>amet.</span> 
     </span>
     <span class='ocr_line' id='line_1_6' title="bbox 17 653 1097 738; baseline 0.005 -21"><span class='ocrx_word' id='word_1_39' title='bbox 17 653 223 735; x_wconf 79' lang='lat' dir='ltr'>sProposita</span> <span class='ocrx_word' id='word_1_40' title='bbox 246 658 321 717; x_wconf 91' lang='lat' dir='ltr'>sunt</span> <span class='ocrx_word' id='word_1_41' title='bbox 344 653 522 718; x_wconf 87' lang='lat' dir='ltr'>senioribus</span> <span class='ocrx_word' id='word_1_42' title='bbox 545 654 696 738; x_wconf 85' lang='lat' dir='ltr'>praemia,</span> <span class='ocrx_word' id='word_1_43' title='bbox 714 655 883 720; x_wconf 79' lang='lat' dir='ltr'>iuvenibus</span> <span class='ocrx_word' id='word_1_44' title='bbox 908 654 1062 738; x_wconf 88' lang='lat' dir='ltr'>exempla.</span> <span class='ocrx_word' id='word_1_45' title='bbox 1083 674 1097 722; x_wconf 76' lang='lat'>7</span> 
     </span>
     <span class='ocr_line' id='line_1_7' title="bbox 44 741 1062 827; baseline 0.002 -21"><span class='ocrx_word' id='word_1_46' title='bbox 44 741 188 824; x_wconf 82' lang='lat' dir='ltr'>Adeant,</span> <span class='ocrx_word' id='word_1_47' title='bbox 207 742 411 825; x_wconf 78' lang='lat' dir='ltr'>frequentent</span> <span class='ocrx_word' id='word_1_48' title='bbox 430 764 555 807; x_wconf 88' lang='lat' dir='ltr'>securas</span> <span class='ocrx_word' id='word_1_49' title='bbox 574 744 703 808; x_wconf 89' lang='lat' dir='ltr'>tandem</span> <span class='ocrx_word' id='word_1_50' title='bbox 722 765 758 808; x_wconf 84' lang='lat' dir='ltr'>ac</span> <span class='ocrx_word' id='word_1_51' title='bbox 777 749 922 827; x_wconf 84' lang='lat' dir='ltr'>patentes</span> <span class='ocrx_word' id='word_1_52' title='bbox 941 745 1062 809; x_wconf 90' lang='lat' dir='ltr'>domos.</span> 
     </span>
     <span class='ocr_line' id='line_1_8' title="bbox 45 830 1063 918; baseline 0.005 -25"><span class='ocrx_word' id='word_1_53' title='bbox 45 830 202 915; x_wconf 81' lang='lat' dir='ltr'>Quisquis</span> <span class='ocrx_word' id='word_1_54' title='bbox 230 832 383 915; x_wconf 90' lang='lat' dir='ltr'>probatos</span> <span class='ocrx_word' id='word_1_55' title='bbox 413 833 537 896; x_wconf 86' lang='lat' dir='ltr'>senatui</span> <span class='ocrx_word' id='word_1_56' title='bbox 565 833 650 896; x_wconf 78' lang='lat' dir='ltr'>viros</span> <span class='ocrx_word' id='word_1_57' title='bbox 680 833 822 918; x_wconf 87' lang='lat' dir='ltr'>suscipit,</span> <span class='ocrx_word' id='word_1_58' title='bbox 848 833 901 898; x_wconf 76' lang='lat' dir='ltr'>liic</span> <span class='ocrx_word' id='word_1_59' title='bbox 923 834 1063 898; x_wconf 87' lang='lat' dir='ltr'>maxime</span> 
     </span>
     <span class='ocr_line' id='line_1_9' title="bbox 43 919 1096 1006; baseline 0.004 -22"><span class='ocrx_word' id='word_1_60' title='bbox 43 921 228 1003; x_wconf 89' lang='lat' dir='ltr'>principem</span> <span class='ocrx_word' id='word_1_61' title='bbox 261 925 468 1003; x_wconf 87' lang='lat' dir='ltr'>promeretur.</span> <span class='ocrx_word' id='word_1_62' title='bbox 519 919 589 996; x_wconf 77' lang='lat' dir='ltr'>Sibi</span> <span class='ocrx_word' id='word_1_63' title='bbox 626 923 711 986; x_wconf 91' lang='lat' dir='ltr'>enim</span> <span class='ocrx_word' id='word_1_64' title='bbox 747 943 925 987; x_wconf 89' lang='lat' dir='ltr'>accrescere</span> <span class='ocrx_word' id='word_1_65' title='bbox 961 927 1096 1006; x_wconf 70' lang='lat' dir='ltr'>putata</span> 
     </span>
     <span class='ocr_line' id='line_1_10' title="bbox 44 1009 1063 1097; baseline 0.004 -25"><span class='ocrx_word' id='word_1_66' title='bbox 44 1009 139 1092; x_wconf 92' lang='lat' dir='ltr'>quod</span> <span class='ocrx_word' id='word_1_67' title='bbox 153 1009 267 1092; x_wconf 88' lang='lat' dir='ltr'>cuique</span> <span class='ocrx_word' id='word_1_68' title='bbox 287 1009 477 1093; x_wconf 78' lang='lat' dir='ltr'>adstruatur,</span> <span class='ocrx_word' id='word_1_69' title='bbox 493 1011 678 1093; x_wconf 88' lang='lat' dir='ltr'>nullamque</span> <span class='ocrx_word' id='word_1_70' title='bbox 697 1012 732 1074; x_wconf 90' lang='lat' dir='ltr'>in</span> <span class='ocrx_word' id='word_1_71' title='bbox 750 1033 787 1076; x_wconf 92' lang='lat' dir='ltr'>eo</span> <span class='ocrx_word' id='word_1_72' title='bbox 807 1012 942 1097; x_wconf 85' lang='lat' dir='ltr'>gloriam</span> <span class='ocrx_word' id='word_1_73' title='bbox 961 1013 1063 1095; x_wconf 89' lang='lat' dir='ltr'>ponit,</span> 
     </span>
     <span class='ocr_line' id='line_1_11' title="bbox 6 1098 1062 1183; baseline 0.002 -21"><span class='ocrx_word' id='word_1_74' title='bbox 6 1123 28 1162; x_wconf 85' lang='grc' dir='ltr'>ιο</span> <span class='ocrx_word' id='word_1_75' title='bbox 44 1098 139 1181; x_wconf 89' lang='lat' dir='ltr'>quod</span> <span class='ocrx_word' id='word_1_76' title='bbox 162 1099 203 1162; x_wconf 89' lang='lat' dir='ltr'>sit</span> <span class='ocrx_word' id='word_1_77' title='bbox 227 1098 375 1163; x_wconf 89' lang='lat' dir='ltr'>omnibus</span> <span class='ocrx_word' id='word_1_78' title='bbox 405 1099 516 1182; x_wconf 87' lang='lat' dir='ltr'>maior,</span> <span class='ocrx_word' id='word_1_79' title='bbox 538 1100 601 1163; x_wconf 92' lang='lat' dir='ltr'>nisi</span> <span class='ocrx_word' id='word_1_80' title='bbox 628 1101 761 1164; x_wconf 83' lang='lat' dir='ltr'>maximi</span> <span class='ocrx_word' id='word_1_81' title='bbox 788 1100 918 1183; x_wconf 85' lang='lat' dir='ltr'>fuerint,</span> <span class='ocrx_word' id='word_1_82' title='bbox 945 1101 1062 1183; x_wconf 92' lang='lat' dir='ltr'>quibus</span> 
     </span>
     <span class='ocr_line' id='line_1_12' title="bbox 43 1185 1096 1272; baseline 0.003 -20"><span class='ocrx_word' id='word_1_83' title='bbox 43 1188 154 1252; x_wconf 85' lang='lat' dir='ltr'>maior</span> <span class='ocrx_word' id='word_1_84' title='bbox 181 1192 237 1252; x_wconf 92' lang='lat' dir='ltr'>est.</span> <span class='ocrx_word' id='word_1_85' title='bbox 284 1187 404 1270; x_wconf 89' lang='lat' dir='ltr'>Persta,</span> <span class='ocrx_word' id='word_1_86' title='bbox 437 1185 561 1272; x_wconf 85' lang='lat' dir='ltr'>Caesar,</span> <span class='ocrx_word' id='word_1_87' title='bbox 591 1190 626 1252; x_wconf 89' lang='lat' dir='ltr'>in</span> <span class='ocrx_word' id='word_1_88' title='bbox 654 1190 717 1252; x_wconf 88' lang='lat' dir='ltr'>ista</span> <span class='ocrx_word' id='word_1_89' title='bbox 746 1190 870 1254; x_wconf 90' lang='lat' dir='ltr'>ratione</span> <span class='ocrx_word' id='word_1_90' title='bbox 903 1191 1096 1272; x_wconf 75' lang='lat' dir='ltr'>propositio</span> 
     </span>
     <span class='ocr_line' id='line_1_13' title="bbox 41 1277 1062 1361; baseline 0.002 -21"><span class='ocrx_word' id='word_1_91' title='bbox 41 1277 194 1360; x_wconf 89' lang='lat' dir='ltr'>talesque</span> <span class='ocrx_word' id='word_1_92' title='bbox 221 1298 279 1340; x_wconf 89' lang='lat' dir='ltr'>nos</span> <span class='ocrx_word' id='word_1_93' title='bbox 309 1278 409 1359; x_wconf 88' lang='lat' dir='ltr'>crede,</span> <span class='ocrx_word' id='word_1_94' title='bbox 437 1278 540 1360; x_wconf 87' lang='lat' dir='ltr'>qualis</span> <span class='ocrx_word' id='word_1_95' title='bbox 570 1278 656 1342; x_wconf 87' lang='lat' dir='ltr'>fama</span> <span class='ocrx_word' id='word_1_96' title='bbox 688 1277 842 1361; x_wconf 87' lang='lat' dir='ltr'>cuiusque</span> <span class='ocrx_word' id='word_1_97' title='bbox 875 1282 930 1342; x_wconf 89' lang='lat' dir='ltr'>est.</span> <span class='ocrx_word' id='word_1_98' title='bbox 975 1277 1062 1343; x_wconf 87' lang='lat' dir='ltr'>Huic</span> 
     </span>
     <span class='ocr_line' id='line_1_14' title="bbox 42 1366 1060 1450; baseline 0.003 -21"><span class='ocrx_word' id='word_1_99' title='bbox 42 1387 152 1447; x_wconf 89' lang='lat' dir='ltr'>aures,</span> <span class='ocrx_word' id='word_1_100' title='bbox 173 1366 250 1430; x_wconf 91' lang='lat' dir='ltr'>huic</span> <span class='ocrx_word' id='word_1_101' title='bbox 273 1367 383 1430; x_wconf 91' lang='lat' dir='ltr'>oculos</span> <span class='ocrx_word' id='word_1_102' title='bbox 406 1367 551 1450; x_wconf 73' lang='lat' dir='ltr'>intende,</span> <span class='ocrx_word' id='word_1_103' title='bbox 574 1389 615 1431; x_wconf 90' lang='lat' dir='ltr'>ne</span> <span class='ocrx_word' id='word_1_104' title='bbox 642 1368 819 1449; x_wconf 85' lang='lat' dir='ltr'>respexeris</span> <span class='ocrx_word' id='word_1_105' title='bbox 848 1367 1060 1432; x_wconf 89' lang='lat' dir='ltr'>clandestinas</span> 
     </span>
     <span class='ocr_line' id='line_1_15' title="bbox 42 1454 1061 1540; baseline 0.002 -22"><span class='ocrx_word' id='word_1_106' title='bbox 42 1455 302 1519; x_wconf 86' lang='lat' dir='ltr'>existimationes</span> <span class='ocrx_word' id='word_1_107' title='bbox 326 1454 488 1538; x_wconf 90' lang='lat' dir='ltr'>nullisque</span> <span class='ocrx_word' id='word_1_108' title='bbox 511 1457 614 1540; x_wconf 82' lang='lat' dir='ltr'>magis</span> <span class='ocrx_word' id='word_1_109' title='bbox 639 1478 735 1539; x_wconf 89' lang='lat' dir='ltr'>quam</span> <span class='ocrx_word' id='word_1_110' title='bbox 749 1456 962 1520; x_wconf 84' lang='lat' dir='ltr'>audientibus</span> <span class='ocrx_word' id='word_1_111' title='bbox 985 1457 1061 1520; x_wconf 89' lang='lat' dir='ltr'>insi-</span> 
     </span>
     <span class='ocr_line' id='line_1_16' title="bbox 6 1543 1062 1632; baseline 0.001 -24"><span class='ocrx_word' id='word_1_112' title='bbox 6 1568 27 1608; x_wconf 80' lang='lat' dir='ltr'>u</span> <span class='ocrx_word' id='word_1_113' title='bbox 42 1545 173 1608; x_wconf 83' lang='lat' dir='ltr'>dientes</span> <span class='ocrx_word' id='word_1_114' title='bbox 197 1564 352 1608; x_wconf 88' lang='lat' dir='ltr'>susurros.</span> <span class='ocrx_word' id='word_1_115' title='bbox 389 1543 505 1608; x_wconf 87' lang='lat' dir='ltr'>Melius</span> <span class='ocrx_word' id='word_1_116' title='bbox 533 1545 682 1608; x_wconf 88' lang='lat' dir='ltr'>omnibus</span> <span class='ocrx_word' id='word_1_117' title='bbox 707 1566 803 1627; x_wconf 89' lang='lat' dir='ltr'>quam</span> <span class='ocrx_word' id='word_1_118' title='bbox 831 1545 967 1632; x_wconf 84' lang='lat' dir='ltr'>singulis</span> <span class='ocrx_word' id='word_1_119' title='bbox 997 1567 1062 1610; x_wconf 89' lang='lat' dir='ltr'>cre-</span> 
     </span>
     <span class='ocr_line' id='line_1_17' title="bbox 42 1630 1060 1718; baseline 0.001 -20"><span class='ocrx_word' id='word_1_120' title='bbox 42 1635 143 1698; x_wconf 89' lang='lat' dir='ltr'>ditur.</span> <span class='ocrx_word' id='word_1_121' title='bbox 182 1630 310 1718; x_wconf 82' lang='lat' dir='ltr'>Singuli</span> <span class='ocrx_word' id='word_1_122' title='bbox 333 1633 418 1696; x_wconf 90' lang='lat' dir='ltr'>enim</span> <span class='ocrx_word' id='word_1_123' title='bbox 442 1632 588 1716; x_wconf 81' lang='lat' dir='ltr'>decipere</span> <span class='ocrx_word' id='word_1_124' title='bbox 610 1637 642 1698; x_wconf 91' lang='lat' dir='ltr'>et</span> <span class='ocrx_word' id='word_1_125' title='bbox 666 1634 770 1716; x_wconf 85' lang='lat' dir='ltr'>decipi</span> <span class='ocrx_word' id='word_1_126' title='bbox 798 1639 942 1718; x_wconf 88' lang='lat' dir='ltr'>possunt,</span> <span class='ocrx_word' id='word_1_127' title='bbox 965 1657 1060 1699; x_wconf 89' lang='lat' dir='ltr'>nemo</span> 
     </span>
     <span class='ocr_line' id='line_1_18' title="bbox 42 1721 690 1804; baseline -0.002 -17"><span class='ocrx_word' id='word_1_128' title='bbox 42 1743 169 1804; x_wconf 89' lang='lat' dir='ltr'>ornnes,</span> <span class='ocrx_word' id='word_1_129' title='bbox 191 1721 352 1786; x_wconf 88' lang='lat' dir='ltr'>neminem</span> <span class='ocrx_word' id='word_1_130' title='bbox 376 1743 486 1786; x_wconf 89' lang='lat' dir='ltr'>omnes</span> <span class='ocrx_word' id='word_1_131' title='bbox 508 1723 690 1787; x_wconf 82' lang='lat' dir='ltr'>fefellerint.</span> 
     </span>
     <span class='ocr_line' id='line_1_19' title="bbox 113 1810 1111 1896; baseline 0.004 -22"><span class='ocrx_word' id='word_1_132' title='bbox 113 1810 303 1875; x_wconf 77' lang='lat' dir='ltr'>Praevertor</span> <span class='ocrx_word' id='word_1_133' title='bbox 338 1812 399 1875; x_wconf 91' lang='lat' dir='ltr'>iam</span> <span class='ocrx_word' id='word_1_134' title='bbox 440 1812 480 1874; x_wconf 90' lang='lat' dir='ltr'>ad</span> <span class='ocrx_word' id='word_1_135' title='bbox 517 1813 718 1877; x_wconf 89' lang='lat' dir='ltr'>consulatum</span> <span class='ocrx_word' id='word_1_136' title='bbox 750 1817 856 1896; x_wconf 92' lang='lat' dir='ltr'>tuum,</span> <span class='ocrx_word' id='word_1_137' title='bbox 893 1813 953 1876; x_wconf 89' lang='lat' dir='ltr'>etsi</span> <span class='ocrx_word' id='word_1_138' title='bbox 986 1811 1111 1878; x_wconf 66' lang='lat' dir='ltr'>suntid</span> 
     </span>
     <span class='ocr_line' id='line_1_20' title="bbox 42 1899 1060 1985; baseline 0.002 -21"><span class='ocrx_word' id='word_1_139' title='bbox 42 1899 205 1985; x_wconf 86' lang='lat' dir='ltr'>quaedam</span> <span class='ocrx_word' id='word_1_140' title='bbox 229 1900 268 1963; x_wconf 92' lang='lat' dir='ltr'>ad</span> <span class='ocrx_word' id='word_1_141' title='bbox 292 1901 494 1964; x_wconf 88' lang='lat' dir='ltr'>consulatum</span> <span class='ocrx_word' id='word_1_142' title='bbox 518 1901 646 1984; x_wconf 92' lang='lat' dir='ltr'>quidem</span> <span class='ocrx_word' id='word_1_143' title='bbox 669 1900 871 1984; x_wconf 86' lang='lat' dir='ltr'>pertinentia,</span> <span class='ocrx_word' id='word_1_144' title='bbox 889 1905 964 1965; x_wconf 88' lang='lat' dir='ltr'>ante</span> <span class='ocrx_word' id='word_1_145' title='bbox 988 1923 1060 1966; x_wconf 90' lang='lat' dir='ltr'>con·</span> 
     </span>
     <span class='ocr_line' id='line_1_21' title="bbox 6 1988 1061 2072; baseline 0.002 -20"><span class='ocrx_word' id='word_1_146' title='bbox 6 2011 28 2052; x_wconf 78' lang='lat' dir='ltr'>ro</span> <span class='ocrx_word' id='word_1_147' title='bbox 42 1991 189 2054; x_wconf 88' lang='lat' dir='ltr'>sulatum</span> <span class='ocrx_word' id='word_1_148' title='bbox 213 1993 330 2072; x_wconf 87' lang='lat' dir='ltr'>tamen,</span> <span class='ocrx_word' id='word_1_149' title='bbox 353 1989 517 2072; x_wconf 88' lang='lat' dir='ltr'>inprimis</span> <span class='ocrx_word' id='word_1_150' title='bbox 537 1988 623 2072; x_wconf 92' lang='lat' dir='ltr'>quod</span> <span class='ocrx_word' id='word_1_151' title='bbox 642 1989 781 2053; x_wconf 89' lang='lat' dir='ltr'>comitiis</span> <span class='ocrx_word' id='word_1_152' title='bbox 799 1989 1061 2054; x_wconf 80' lang='lat' dir='ltr'>tuism&#39;terfuisti</span> 
     </span>
     <span class='ocr_line' id='line_1_22' title="bbox 43 2077 1059 2160; baseline -0.001 -17"><span class='ocrx_word' id='word_1_153' title='bbox 43 2078 235 2143; x_wconf 87' lang='lat' dir='ltr'>candidatus</span> <span class='ocrx_word' id='word_1_154' title='bbox 262 2099 329 2142; x_wconf 92' lang='lat' dir='ltr'>non</span> <span class='ocrx_word' id='word_1_155' title='bbox 356 2079 585 2143; x_wconf 86' lang='lat' dir='ltr'>consulatust</span> <span class='ocrx_word' id='word_1_156' title='bbox 571 2081 745 2160; x_wconf 83' lang='lat' dir='ltr'>tanetum,</span> <span class='ocrx_word' id='word_1_157' title='bbox 731 2077 786 2142; x_wconf 90' lang='lat' dir='ltr'>sed</span> <span class='ocrx_word' id='word_1_158' title='bbox 807 2079 997 2142; x_wconf 89' lang='lat' dir='ltr'>immortalit</span> <span class='ocrx_word' id='word_1_159' title='bbox 983 2079 1059 2142; x_wconf 88' lang='lat' dir='ltr'>tatis</span> 
     </span>
     <span class='ocr_line' id='line_1_23' title="bbox 43 2167 1059 2253; baseline -0.001 -21"><span class='ocrx_word' id='word_1_160' title='bbox 43 2173 75 2232; x_wconf 91' lang='lat' dir='ltr'>et</span> <span class='ocrx_word' id='word_1_161' title='bbox 96 2167 221 2253; x_wconf 84' lang='lat' dir='ltr'>gloriae</span> <span class='ocrx_word' id='word_1_162' title='bbox 239 2171 272 2230; x_wconf 91' lang='lat' dir='ltr'>et</span> <span class='ocrx_word' id='word_1_163' title='bbox 291 2167 438 2250; x_wconf 84' lang='lat' dir='ltr'>exempli,</span> <span class='ocrx_word' id='word_1_164' title='bbox 462 2168 548 2250; x_wconf 92' lang='lat' dir='ltr'>quod</span> <span class='ocrx_word' id='word_1_165' title='bbox 568 2170 776 2250; x_wconf 87' lang='lat' dir='ltr'>sequerentur</span> <span class='ocrx_word' id='word_1_166' title='bbox 793 2167 954 2249; x_wconf 88' lang='lat' dir='ltr'>principes</span> <span class='ocrx_word' id='word_1_167' title='bbox 973 2167 1059 2249; x_wconf 89' lang='lat' dir='ltr'>boni,</span> 
     </span>
     <span class='ocr_line' id='line_1_24' title="bbox 42 2254 1093 2340; baseline 0 -19"><span class='ocrx_word' id='word_1_168' title='bbox 42 2257 124 2322; x_wconf 86' lang='lat' dir='ltr'>mali</span> <span class='ocrx_word' id='word_1_169' title='bbox 152 2257 350 2320; x_wconf 86' lang='lat' dir='ltr'>mirarentur</span> <span class='ocrx_word' id='word_1_170' title='bbox 402 2254 495 2320; x_wconf 87' lang='lat' dir='ltr'>Vidit</span> <span class='ocrx_word' id='word_1_171' title='bbox 520 2260 554 2320; x_wconf 90' lang='lat' dir='ltr'>te</span> <span class='ocrx_word' id='word_1_172' title='bbox 580 2257 720 2340; x_wconf 86' lang='lat' dir='ltr'>populus</span> <span class='ocrx_word' id='word_1_173' title='bbox 748 2254 952 2319; x_wconf 87' lang='lat' dir='ltr'>Romanus</span> <span class='ocrx_word' id='word_1_174' title='bbox 944 2278 979 2320; x_wconf 88' lang='lat' dir='ltr'>m</span> <span class='ocrx_word' id='word_1_175' title='bbox 1002 2256 1093 2321; x_wconf 81' lang='lat' dir='ltr'>illaa</span> 
     </span>
     <span class='ocr_line' id='line_1_25' title="bbox 42 2345 1059 2446; baseline -0.002 -36"><span class='ocrx_word' id='word_1_176' title='bbox 42 2349 156 2411; x_wconf 87' lang='lat' dir='ltr'>vetere</span> <span class='ocrx_word' id='word_1_177' title='bbox 176 2348 317 2428; x_wconf 87' lang='lat' dir='ltr'>potestat</span> <span class='ocrx_word' id='word_1_178' title='bbox 317 2346 345 2409; x_wconf 90' lang='lat' dir='ltr'>is</span> <span class='ocrx_word' id='word_1_179' title='bbox 369 2367 444 2408; x_wconf 88' lang='lat' dir='ltr'>suae</span> <span class='ocrx_word' id='word_1_180' title='bbox 468 2346 554 2446; x_wconf 81' lang='lat' dir='ltr'>sede3</span> <span class='ocrx_word' id='word_1_181' title='bbox 576 2366 745 2428; x_wconf 87' lang='lat' dir='ltr'>perpessus</span> <span class='ocrx_word' id='word_1_182' title='bbox 769 2367 802 2408; x_wconf 89' lang='lat' dir='ltr'>es</span> <span class='ocrx_word' id='word_1_183' title='bbox 824 2345 958 2429; x_wconf 82' lang='lat' dir='ltr'>longum</span> <span class='ocrx_word' id='word_1_184' title='bbox 977 2345 1059 2408; x_wconf 92' lang='lat' dir='ltr'>illud</span> 
     </span>
     <span class='ocr_line' id='line_1_26' title="bbox 6 2433 1058 2500; baseline 0.001 -4"><span class='ocrx_word' id='word_1_185' title='bbox 6 2457 28 2498; x_wconf 78' lang='lat' dir='ltr'>re</span> <span class='ocrx_word' id='word_1_186' title='bbox 43 2457 176 2500; x_wconf 83' lang='lat' dir='ltr'>carmen</span> <span class='ocrx_word' id='word_1_187' title='bbox 203 2435 408 2498; x_wconf 87' lang='lat' dir='ltr'>comitiorum</span> <span class='ocrx_word' id='word_1_188' title='bbox 437 2456 497 2498; x_wconf 90' lang='lat' dir='ltr'>nec</span> <span class='ocrx_word' id='word_1_189' title='bbox 524 2435 588 2497; x_wconf 89' lang='lat' dir='ltr'>iam</span> <span class='ocrx_word' id='word_1_190' title='bbox 615 2433 807 2498; x_wconf 87' lang='lat' dir='ltr'>irridendam</span> <span class='ocrx_word' id='word_1_191' title='bbox 833 2455 956 2497; x_wconf 89' lang='lat' dir='ltr'>moram</span> <span class='ocrx_word' id='word_1_192' title='bbox 984 2455 1058 2498; x_wconf 91' lang='lat' dir='ltr'>con-</span> 
     </span>
     <span class='ocr_line' id='line_1_27' title="bbox 42 2522 1059 2608; baseline -0.003 -19"><span class='ocrx_word' id='word_1_193' title='bbox 42 2525 162 2608; x_wconf 90' lang='lat' dir='ltr'>sulque</span> <span class='ocrx_word' id='word_1_194' title='bbox 185 2522 230 2587; x_wconf 77' lang='lat' dir='ltr'>sic</span> <span class='ocrx_word' id='word_1_195' title='bbox 252 2522 357 2587; x_wconf 86' lang='lat' dir='ltr'>factus</span> <span class='ocrx_word' id='word_1_196' title='bbox 380 2545 413 2587; x_wconf 91' lang='lat' dir='ltr'>es</span> <span class='ocrx_word' id='word_1_197' title='bbox 436 2527 473 2586; x_wconf 90' lang='lat' dir='ltr'>ut</span> <span class='ocrx_word' id='word_1_198' title='bbox 495 2544 578 2586; x_wconf 90' lang='lat' dir='ltr'>unus</span> <span class='ocrx_word' id='word_1_199' title='bbox 601 2545 640 2587; x_wconf 86' lang='lat' dir='ltr'>ex</span> <span class='ocrx_word' id='word_1_200' title='bbox 662 2523 764 2606; x_wconf 91' lang='lat' dir='ltr'>nobis,</span> <span class='ocrx_word' id='word_1_201' title='bbox 783 2544 864 2606; x_wconf 92' lang='lat' dir='ltr'>quos</span> <span class='ocrx_word' id='word_1_202' title='bbox 882 2522 961 2585; x_wconf 83' lang='lat' dir='ltr'>facis</span> <span class='ocrx_word' id='word_1_203' title='bbox 985 2543 1059 2587; x_wconf 91' lang='lat' dir='ltr'>con-</span> 
     </span>
     <span class='ocr_line' id='line_1_28' title="bbox 42 2610 1092 2696; baseline -0.001 -19"><span class='ocrx_word' id='word_1_204' title='bbox 42 2614 140 2678; x_wconf 87' lang='lat' dir='ltr'>sules.</span> <span class='ocrx_word' id='word_1_205' title='bbox 179 2610 303 2696; x_wconf 83' lang='lat' dir='ltr'>Quotus</span> <span class='ocrx_word' id='word_1_206' title='bbox 326 2612 462 2695; x_wconf 85' lang='lat' dir='ltr'>quisque</span> <span class='ocrx_word' id='word_1_207' title='bbox 485 2612 667 2695; x_wconf 87' lang='lat' dir='ltr'>principum</span> <span class='ocrx_word' id='word_1_208' title='bbox 686 2612 940 2676; x_wconf 87' lang='lat' dir='ltr'>antecedentium</span> <span class='ocrx_word' id='word_1_209' title='bbox 958 2612 1057 2675; x_wconf 91' lang='lat' dir='ltr'>hono·</span> <span class='ocrx_word' id='word_1_210' title='bbox 1077 2629 1092 2676; x_wconf 85' lang='grc'>3</span> 
     </span>
     <span class='ocr_line' id='line_1_29' title="bbox 40 2698 1058 2784; baseline -0.003 -18"><span class='ocrx_word' id='word_1_211' title='bbox 40 2725 113 2766; x_wconf 86' lang='lat' dir='ltr'>rem</span> <span class='ocrx_word' id='word_1_212' title='bbox 141 2702 240 2764; x_wconf 76' lang='lat' dir='ltr'>istum</span> <span class='ocrx_word' id='word_1_213' title='bbox 272 2705 328 2764; x_wconf 89' lang='lat' dir='ltr'>aut</span> <span class='ocrx_word' id='word_1_214' title='bbox 359 2701 540 2765; x_wconf 88' lang='lat' dir='ltr'>consulatui</span> <span class='ocrx_word' id='word_1_215' title='bbox 566 2700 680 2765; x_wconf 91' lang='lat' dir='ltr'>habuit</span> <span class='ocrx_word' id='word_1_216' title='bbox 710 2705 765 2765; x_wconf 90' lang='lat' dir='ltr'>aut</span> <span class='ocrx_word' id='word_1_217' title='bbox 794 2700 936 2784; x_wconf 83' lang='lat' dir='ltr'>populo?</span> <span class='ocrx_word' id='word_1_218' title='bbox 982 2698 1058 2764; x_wconf 91' lang='lat' dir='ltr'>Non</span> 
     </span>
     <span class='ocr_line' id='line_1_30' title="bbox 42 2789 1058 2872; baseline -0.003 -17"><span class='ocrx_word' id='word_1_219' title='bbox 42 2791 101 2856; x_wconf 90' lang='lat' dir='ltr'>alii</span> <span class='ocrx_word' id='word_1_220' title='bbox 129 2790 263 2854; x_wconf 89' lang='lat' dir='ltr'>marcidi</span> <span class='ocrx_word' id='word_1_221' title='bbox 291 2811 403 2853; x_wconf 89' lang='lat' dir='ltr'>somno</span> <span class='ocrx_word' id='word_1_222' title='bbox 431 2790 643 2872; x_wconf 86' lang='lat' dir='ltr'>hestemaque</span> <span class='ocrx_word' id='word_1_223' title='bbox 670 2811 748 2854; x_wconf 90' lang='lat' dir='ltr'>cena</span> <span class='ocrx_word' id='word_1_224' title='bbox 770 2789 983 2854; x_wconf 89' lang='lat' dir='ltr'>redundantes</span> <span class='ocrx_word' id='word_1_225' title='bbox 1007 2809 1058 2852; x_wconf 89' lang='lat' dir='ltr'>co-</span> 
     </span>
     <span class='ocr_line' id='line_1_31' title="bbox 6 2879 1057 2962; baseline 0.001 -22"><span class='ocrx_word' id='word_1_226' title='bbox 6 2881 211 2944; x_wconf 72' lang='lat' dir='ltr'>comitiorum</span> <span class='ocrx_word' id='word_1_227' title='bbox 235 2899 366 2942; x_wconf 92' lang='lat' dir='ltr'>suorum</span> <span class='ocrx_word' id='word_1_228' title='bbox 389 2879 520 2943; x_wconf 88' lang='lat' dir='ltr'>nuntios</span> <span class='ocrx_word' id='word_1_229' title='bbox 544 2879 802 2962; x_wconf 86' lang='lat' dir='ltr'>opperiebantur,</span> <span class='ocrx_word' id='word_1_230' title='bbox 821 2879 876 2942; x_wconf 86' lang='lat' dir='ltr'>alii</span> <span class='ocrx_word' id='word_1_231' title='bbox 895 2899 969 2942; x_wconf 86' lang='lat' dir='ltr'>sane</span> <span class='ocrx_word' id='word_1_232' title='bbox 988 2900 1057 2961; x_wconf 87' lang='lat' dir='ltr'>per-</span> 
     </span>
     <span class='ocr_line' id='line_1_32' title="bbox 42 2967 1056 3054; baseline -0.003 -21"><span class='ocrx_word' id='word_1_233' title='bbox 42 2970 161 3054; x_wconf 81' lang='lat' dir='ltr'>vigiles</span> <span class='ocrx_word' id='word_1_234' title='bbox 188 2972 220 3032; x_wconf 90' lang='lat' dir='ltr'>et</span> <span class='ocrx_word' id='word_1_235' title='bbox 247 2967 423 3050; x_wconf 87' lang='lat' dir='ltr'>insomnes,</span> <span class='ocrx_word' id='word_1_236' title='bbox 453 2967 508 3031; x_wconf 90' lang='lat' dir='ltr'>sed</span> <span class='ocrx_word' id='word_1_237' title='bbox 536 2968 620 3032; x_wconf 87' lang='lat' dir='ltr'>intra</span> <span class='ocrx_word' id='word_1_238' title='bbox 649 2968 768 3031; x_wconf 89' lang='lat' dir='ltr'>cubilia</span> <span class='ocrx_word' id='word_1_239' title='bbox 797 2989 854 3032; x_wconf 89' lang='lat' dir='ltr'>sua</span> <span class='ocrx_word' id='word_1_240' title='bbox 883 2968 948 3031; x_wconf 91' lang='lat' dir='ltr'>illis</span> <span class='ocrx_word' id='word_1_241' title='bbox 978 2967 1056 3050; x_wconf 88' lang='lat' dir='ltr'>ipsis</span> 
     </span>
     <span class='ocr_line' id='line_1_33' title="bbox 42 3054 1057 3140; baseline -0.003 -17"><span class='ocrx_word' id='word_1_242' title='bbox 42 3056 243 3139; x_wconf 88' lang='lat' dir='ltr'>consulibus,</span> <span class='ocrx_word' id='word_1_243' title='bbox 266 3079 284 3120; x_wconf 91' lang='lat' dir='ltr'>a</span> <span class='ocrx_word' id='word_1_244' title='bbox 308 3054 424 3140; x_wconf 90' lang='lat' dir='ltr'>quibus</span> <span class='ocrx_word' id='word_1_245' title='bbox 447 3058 595 3121; x_wconf 79' lang='lat' dir='ltr'>consules</span> <span class='ocrx_word' id='word_1_246' title='bbox 615 3057 890 3140; x_wconf 87' lang='lat' dir='ltr'>renuntiabantur,</span> <span class='ocrx_word' id='word_1_247' title='bbox 911 3057 1007 3120; x_wconf 85' lang='lat' dir='ltr'>exilia</span> <span class='ocrx_word' id='word_1_248' title='bbox 1026 3059 1057 3120; x_wconf 90' lang='lat' dir='ltr'>et</span> 
     </span>
    </p>
   </div>
   <div class='ocr_carea' id='block_1_4' title="bbox 42 3229 1055 3586">
    <p class='ocr_par' dir='ltr' id='par_1_4' title="bbox 42 3229 1055 3586">
     <span class='ocr_line' id='line_1_34' title="bbox 116 3229 1055 3300; baseline -0.002 -15"><span class='ocrx_word' id='word_1_249' title='bbox 116 3238 132 3285; x_wconf 99' lang='grc'>2</span> <span class='ocrx_word' id='word_1_250' title='bbox 161 3231 260 3300; x_wconf 88' lang='lat' dir='ltr'>utique</span> <span class='ocrx_word' id='word_1_251' title='bbox 283 3231 375 3300; x_wconf 68' lang='lat' dir='ltr'>Iope,</span> <span class='ocrx_word' id='word_1_252' title='bbox 398 3232 467 3285; x_wconf 76' lang='lat' dir='ltr'>KJ.</span> <span class='ocrx_word' id='word_1_253' title='bbox 559 3236 573 3283; x_wconf 72' lang='lat'>‘1</span> <span class='ocrx_word' id='word_1_254' title='bbox 603 3230 721 3300; x_wconf 86' lang='lat' dir='ltr'>suspicit</span> <span class='ocrx_word' id='word_1_255' title='bbox 744 3231 852 3298; x_wconf 60' lang='lat' dir='ltr'>Incia„</span> <span class='ocrx_word' id='word_1_256' title='bbox 876 3231 928 3296; x_wconf 66' lang='lat' dir='ltr'>K„</span> <span class='ocrx_word' id='word_1_257' title='bbox 954 3229 1055 3284; x_wconf 68' lang='lat' dir='ltr'>Baete.</span> 
     </span>
     <span class='ocr_line' id='line_1_35' title="bbox 48 3303 1055 3371; baseline -0.004 -13"><span class='ocrx_word' id='word_1_258' title='bbox 48 3306 78 3358; x_wconf 87' lang='lat' dir='ltr'>V.</span> <span class='ocrx_word' id='word_1_259' title='bbox 99 3303 235 3369; x_wconf 77' lang='lat' dir='ltr'>Schwarr,</span> <span class='ocrx_word' id='word_1_260' title='bbox 254 3304 401 3370; x_wconf 79' lang='lat' dir='ltr'>Hofmaaa</span> <span class='ocrx_word' id='word_1_261' title='bbox 421 3303 475 3358; x_wconf 81' lang='lat' dir='ltr'>Oic.</span> <span class='ocrx_word' id='word_1_262' title='bbox 497 3319 537 3371; x_wconf 83' lang='lat' dir='ltr'>ep.</span> <span class='ocrx_word' id='word_1_263' title='bbox 555 3303 600 3356; x_wconf 83' lang='lat' dir='ltr'>sel.</span> <span class='ocrx_word' id='word_1_264' title='bbox 616 3303 949 3370; x_wconf 73' lang='lat' dir='ltr'>V20(fam.X11)1es.</span> <span class='ocrx_word' id='word_1_265' title='bbox 1023 3306 1055 3354; x_wconf 72' lang='lat'>17</span> 
     </span>
     <span class='ocr_line' id='line_1_36' title="bbox 42 3371 1055 3444; baseline 0 -18"><span class='ocrx_word' id='word_1_266' title='bbox 42 3373 199 3429; x_wconf 87' lang='lat' dir='ltr'>fefellerint</span> <span class='ocrx_word' id='word_1_267' title='bbox 219 3374 369 3428; x_wconf 78' lang='lat' dir='ltr'>‘maluisset</span> <span class='ocrx_word' id='word_1_268' title='bbox 386 3374 479 3444; x_wconf 74' lang='lat' dir='ltr'>leyere&#39;</span> <span class='ocrx_word' id='word_1_269' title='bbox 500 3373 634 3438; x_wconf 77' lang='lat' dir='ltr'>Schwarz,</span> <span class='ocrx_word' id='word_1_270' title='bbox 652 3389 703 3428; x_wconf 81' lang='lat' dir='ltr'>scr.</span> <span class='ocrx_word' id='word_1_271' title='bbox 718 3375 805 3440; x_wconf 75' lang='grc' dir='ltr'>ΚΠ,</span> <span class='ocrx_word' id='word_1_272' title='bbox 819 3374 930 3439; x_wconf 73' lang='lat' dir='ltr'>Baehr,</span> <span class='ocrx_word' id='word_1_273' title='bbox 948 3371 1055 3427; x_wconf 83' lang='lat' dir='ltr'>fefelle-</span> 
     </span>
     <span class='ocr_line' id='line_1_37' title="bbox 42 3445 1055 3516; baseline -0.001 -16"><span class='ocrx_word' id='word_1_274' title='bbox 42 3448 110 3500; x_wconf 90' lang='lat' dir='ltr'>runt</span> <span class='ocrx_word' id='word_1_275' title='bbox 118 3446 206 3511; x_wconf 74' lang='lat' dir='ltr'>codd,</span> <span class='ocrx_word' id='word_1_276' title='bbox 216 3447 288 3516; x_wconf 70' lang='lat' dir='ltr'>vulp.</span> <span class='ocrx_word' id='word_1_277' title='bbox 343 3449 376 3498; x_wconf 86' lang='lat'>18</span> <span class='ocrx_word' id='word_1_278' title='bbox 390 3445 525 3498; x_wconf 85' lang='lat' dir='ltr'>Revertor</span> <span class='ocrx_word' id='word_1_279' title='bbox 538 3446 600 3500; x_wconf 79' lang='lat' dir='ltr'>dett.</span> <span class='ocrx_word' id='word_1_280' title='bbox 610 3446 697 3510; x_wconf 78' lang='lat' dir='ltr'>codd,</span> <span class='ocrx_word' id='word_1_281' title='bbox 708 3447 777 3502; x_wconf 73' lang='lat' dir='ltr'>KJ.</span> <span class='ocrx_word' id='word_1_282' title='bbox 802 3445 884 3500; x_wconf 79' lang='grc' dir='ltr'>ΚΠ</span> <span class='ocrx_word' id='word_1_283' title='bbox 897 3445 1019 3512; x_wconf 61' lang='grc' dir='ltr'>ΜΗ.</span> <span class='ocrx_word' id='word_1_284' title='bbox 1030 3450 1055 3499; x_wconf 87' lang='grc'>7.</span> 
     </span>
     <span class='ocr_line' id='line_1_38' title="bbox 43 3515 1055 3586; baseline -0.002 -16"><span class='ocrx_word' id='word_1_285' title='bbox 43 3523 77 3570; x_wconf 92' lang='grc'>22</span> <span class='ocrx_word' id='word_1_286' title='bbox 98 3517 186 3572; x_wconf 87' lang='lat' dir='ltr'>etiam</span> <span class='ocrx_word' id='word_1_287' title='bbox 203 3515 272 3585; x_wconf 81' lang='lat' dir='ltr'>glor,</span> <span class='ocrx_word' id='word_1_288' title='bbox 288 3517 398 3584; x_wconf 73' lang='lat' dir='ltr'>Baehr,</span> <span class='ocrx_word' id='word_1_289' title='bbox 413 3516 499 3570; x_wconf 86' lang='lat' dir='ltr'>etiem</span> <span class='ocrx_word' id='word_1_290' title='bbox 513 3519 542 3570; x_wconf 89' lang='lat' dir='ltr'>ct</span> <span class='ocrx_word' id='word_1_291' title='bbox 555 3515 593 3586; x_wconf 86' lang='lat' dir='ltr'>gl.</span> <span class='ocrx_word' id='word_1_292' title='bbox 608 3518 678 3572; x_wconf 78' lang='lat' dir='ltr'>ccci.</span> <span class='ocrx_word' id='word_1_293' title='bbox 694 3517 732 3572; x_wconf 88' lang='lat' dir='ltr'>K.</span> <span class='ocrx_word' id='word_1_294' title='bbox 786 3521 820 3570; x_wconf 89' lang='grc'>28</span> <span class='ocrx_word' id='word_1_295' title='bbox 834 3516 951 3571; x_wconf 79' lang='lat' dir='ltr'>Nemea</span> <span class='ocrx_word' id='word_1_296' title='bbox 960 3517 1008 3570; x_wconf 81' lang='lat' dir='ltr'>Ad</span> <span class='ocrx_word' id='word_1_297' title='bbox 1017 3516 1055 3569; x_wconf 91' lang='lat' dir='ltr'>K.</span> 
     </span>
    </p>
   </div>
   <div class='ocr_carea' id='block_1_5' title="bbox 97 3609 895 3658">
    <p class='ocr_par' dir='ltr' id='par_1_5' title="bbox 97 3609 895 3658">
     <span class='ocr_line' id='line_1_39' title="bbox 97 3609 895 3658; baseline 0.003 -2"><span class='ocrx_word' id='word_1_298' title='bbox 97 3617 170 3656; x_wconf 81' lang='lat' dir='ltr'>an</span> <span class='ocrx_word' id='word_1_299' title='bbox 183 3615 328 3656; x_wconf 66' lang='lat' dir='ltr'>namnum.</span> <span class='ocrx_word' id='word_1_300' title='bbox 705 3609 707 3614; x_wconf 82' lang='grc'><strong>’</strong></span> <span class='ocrx_word' id='word_1_301' title='bbox 862 3609 895 3658; x_wconf 75' lang='grc'>23</span> 
     </span>
    </p>
   </div>
   <div class='ocr_carea' id='block_1_6' title="bbox 0 0 1234 3940">
    <p class='ocr_par' dir='ltr' id='par_1_6' title="bbox 0 0 1234 3940">
     <span class='ocr_line' id='line_1_40' title="bbox 0 0 1234 3940; baseline 0 1"><span class='ocrx_word' id='word_1_302' title='bbox 0 0 1234 3940; x_wconf 95' lang='lat' dir='ltr'> </span> 
     </span>
    </p>
   </div>
  </div>
 </body>
</html>
