2468 3938
159 150 201 213 74
592 147 620 202 C.
640 147 738 200 PLINI

157 334 252 395 quem
285 316 394 376 tamen
425 310 458 375 (l.
491 310 606 376 Caesar
641 312 687 375 ita
723 311 941 394 reprehendit,
979 316 1015 376 ut
1051 312 1169 376 laudet.
1223 299 1224 322 ¹

121 401 319 466 3Describit
346 401 431 464 enim
460 422 523 483 eos,
549 401 666 482 quibus
695 401 809 465 obvius
836 401 943 483 fuerit,
972 423 1045 464 cnm
1075 406 1171 485 caput
1223 431 1224 456 r

156 489 237 554 ebrii
254 490 453 572 retexissent,
472 490 649 571 crubuisse,
669 489 782 553 deinde
801 490 911 554 adicit:
936 488 1087 554 ‘Putares
1106 512 1171 554 non
1223 533 1224 554 η

156 580 196 643 ab
220 579 285 643 illis
310 577 472 663 Catonem,
496 578 551 642 sed
575 579 648 642 illos
672 577 830 643 aOatone
850 578 1085 663 deprehensos’
1110 579 1170 642 Po·
1223 579 1224 658 l

155 669 261 732 tuitne
283 669 356 751 plus
380 667 580 732 auctoritatis
609 667 709 730 tribui
739 665 867 750 Catoni,
891 689 987 750 quam
1012 669 1039 732 si
1063 669 1171 732 ebrius
1199 663 1224 754 ⁵l

74 755 76 760 ’
120 775 284 841 squeque
307 761 373 820 tam
396 757 587 821 venerabilis
611 757 700 820 erat?
736 755 874 821 Nostrae
892 761 1001 820 tamen
1020 779 1118 821 cenae
1135 761 1173 821 ut
1223 775 1224 778 ’

157 850 328 930 apparatus
366 849 398 910 et
433 845 578 929 inpendii
610 846 656 910 sic
692 845 846 928 temporis
883 845 998 910 modus
1036 850 1171 910 constet.
1223 853 1224 948 l

156 934 271 1017 Neque
307 935 393 998 enim
429 935 453 998 ii
490 955 614 1018 sumus,
648 955 728 1016 quos
760 935 942 1017 vituperare
973 957 1013 998 ne
1046 936 1172 1000 inimici
1223 959 1224 964 ¹

157 1023 287 1106 quidem
310 1024 444 1107 possint,
467 1024 530 1088 nisi
554 1027 591 1087 ut
614 1022 711 1087 simul
733 1023 873 1087 laudent.
911 1022 1000 1087 Vale.

621 1170 703 1228 ΧΙΠ.
1189 1191 1224 1228 1⁰³

323 1271 514 1320 ammos
538 1270 693 1318 vocoruo
717 1270 863 1318 somaro
888 1270 953 1318 suo
979 1270 1005 1318 s.
1223 1245 1224 1312 3

122 1383 136 1429 1
164 1426 166 1430 ,
223 1363 366 1445 Librum,
389 1383 453 1444 quo
477 1383 579 1444 nuper
602 1361 725 1443 optimo
751 1361 890 1443 principi
914 1361 1027 1425 consul
1050 1362 1172 1446 gratias
1223 1315 1224 1392 l

122 1470 136 1517 a
157 1451 217 1536 egi,
241 1451 314 1514 misi
339 1451 481 1535 exigenti
503 1451 565 1514 tibi
588 1450 752 1532 missurus,
772 1449 832 1513 etsi
850 1471 917 1514 non
936 1450 1105 1534 exegisses.
1133 1449 1174 1513 ln

156 1542 219 1604 hoc
247 1539 427 1604 consideres
455 1540 552 1603 velim
580 1542 617 1602 ut
644 1537 917 1621 pulchritudinem
945 1538 1098 1604 materiae
1125 1540 1173 1602 ita

157 1629 389 1693 difficultatem.
439 1626 478 1691 In
507 1628 620 1692 ceteris
651 1628 736 1691 enim
763 1628 917 1692 lectorem
944 1628 1072 1692 novitas
1101 1629 1174 1711 ipsa
1191 1603 1224 1691 nl

156 1719 317 1781 intentum
335 1717 441 1800 habet,
460 1717 495 1780 in
512 1717 573 1781 hac
590 1719 677 1794 nota,
695 1717 837 1802 vulgata,
854 1717 939 1781 dicta
958 1721 1033 1780 sunt
1048 1719 1174 1800 omnia,

157 1829 220 1889 quo
254 1807 304 1890 fit,
336 1810 373 1869 ut
405 1807 496 1888 quasi
529 1806 651 1870 otiosus
684 1823 877 1888 securusque
908 1805 1011 1869 lector
1042 1809 1174 1870 tantum
1223 1845 1224 1892 ,

158 1895 333 1960 elocutioni
355 1900 456 1979 vacet,
479 1896 514 1958 in
537 1916 600 1977 qua
623 1894 805 1959 satisfacere
829 1894 993 1958 difficilius
1018 1899 1075 1978 cst,
1097 1917 1174 1959 cum
1223 1897 1224 1958 l

121 1985 226 2050 3sola
253 1985 448 2048 aestimatur.
485 1982 593 2066 Atque
616 1983 741 2046 utinam
770 1982 847 2046 ordo
876 1983 990 2046 saltem
1014 1987 1046 2047 et
1068 1987 1175 2048 trans·
1223 1965 1224 2016 l

156 2075 222 2138 itus
246 2077 277 2137 et
302 2073 424 2158 figurae
443 2073 539 2138 simul
563 2073 794 2155 spectarentur!
817 2070 903 2135 Nam
921 2072 1065 2136 invenire
1081 2095 1175 2156 prae·
1191 2097 1214 2135 ευ

157 2163 250 2246 clare,
273 2163 439 2227 enuntiare
462 2161 633 2246 magnifice
658 2160 819 2225 interdum
848 2161 945 2224 etiam
969 2161 1098 2225 barbari
1123 2184 1175 2228 so,-

156 2253 233 2335 lent,
257 2251 425 2334 disponere
449 2254 531 2334 apte,
556 2250 694 2335 figurare
718 2250 805 2313 varie
831 2250 895 2313 nisi
918 2250 1052 2314 eruditis
1075 2273 1175 2336 nega-

121 2345 227 2404 4tum
256 2343 311 2404 est.
348 2339 417 2405 Nec
445 2362 519 2404 vero
551 2338 739 2403 adfectanda
767 2342 842 2403 sunt
873 2360 997 2422 semper
1025 2340 1110 2403 elata
1141 2345 1176 2404 et
1223 2333 1224 2392 Ῡ

157 2431 289 2495 excelsa.
325 2428 420 2512 Nam,
439 2433 475 2492 ut
497 2429 532 2491 in
554 2427 679 2510 pictura
697 2428 808 2491 lumen
830 2448 897 2490 non
915 2428 978 2491 alia
997 2449 1047 2492 res
1065 2431 1175 2513 magis
1223 2497 1224 2520 ,

157 2541 254 2601 quam
278 2518 391 2581 umbra
415 2517 626 2599 commendat,
654 2517 699 2580 ita
723 2517 900 2581 orationem
929 2519 996 2580 tam
1024 2519 1175 2582 summit·
1191 2531 1224 2594 ss}

121 2613 224 2672 stere
248 2630 344 2691 quam
368 2606 515 2671 attollere
538 2606 637 2670 decet.
680 2603 743 2669 Sed
766 2605 843 2688 quid
867 2627 926 2690 ego
951 2605 1030 2670 haec
1053 2606 1175 2671 doctis·
1223 2629 1224 2692 p

157 2698 239 2762 simo
263 2695 355 2760 viro?
379 2696 457 2778 quin
479 2695 588 2778 potius
616 2694 711 2757 illud:
740 2694 870 2777 adnota,
899 2714 980 2776 quae
1006 2696 1175 2777 putareris
1223 2719 1224 2722 ¹

158 2785 354 2871 corrigenda.
389 2783 439 2848 lta
458 2785 544 2848 enim
563 2783 666 2868 magis
686 2783 812 2847 credam
831 2786 937 2847 cetera
955 2783 1017 2846 tibi
1034 2784 1176 2866 placere,

158 2875 185 2938 si
208 2875 364 2957 quaedam
387 2873 588 2956 displicuisse
613 2893 802 2957 cognovere.
840 2869 929 2936 Vale.

1223 2941 1224 2976 r

625 3019 704 3076 XIV.
956 2985 1017 3048 V
1194 3033 1224 3104 so}

429 3120 457 3168 C.
481 3119 619 3166 PLINIUS
644 3119 761 3166 ACILIO
787 3118 852 3166 SUO
877 3118 903 3166 S.
1223 3119 1224 3130 ¹

123 3229 137 3275 1
225 3208 306 3274 Rem
329 3215 470 3276 atrocem
492 3232 553 3274 nec
575 3213 701 3273 tantum
726 3209 863 3292 epistula
886 3209 1017 3293 dignam
1038 3207 1177 3274 Larcius
1223 3219 1224 3228 ’

157 3298 299 3382 Maced0,
322 3301 372 3363 vir
393 3300 580 3383 praetorius,
603 3322 622 3362 a
643 3298 742 3362 servis
766 3298 831 3362 suis
855 3318 967 3381 passus
986 3300 1044 3380 est,
1063 3319 1177 3383 super-

231 3459 246 3508 2
265 3453 352 3508 fuerit
366 3456 569 3520 FDRr'cc.s'a‚
584 3455 671 3519 ΚΠ,
689 3453 783 3506 fuerat
798 3456 836 3508 Μ
843 3455 894 3519 Vr,
909 3455 978 3519 K.I‚
998 3453 1053 3507 fuit
1062 3472 1094 3522 p.
1223 3401 1224 3488 l

161 3530 194 3577 32
212 3525 327 3578 Larcius
347 3527 472 3579 Momms.
492 3527 549 3580 iad.
566 3544 595 3594 p.
610 3529 672 3589 416,
691 3523 808 3594 Largius
827 3527 899 3595 culp.
1223 3505 1224 3586 l
