2442 3940
383 166 642 221 urisrumnun
660 165 673 220 1
692 172 770 221 2—5.
1066 169 1087 234 3

70 333 103 393 te
126 328 162 393 in
185 329 250 394 alto
273 329 337 394 isto
360 329 537 414 pinguique
561 351 686 395 secessu
710 329 825 394 studiis
849 330 990 394 adseris?
1013 329 1086 396 Hoc

71 419 113 483 sit
137 419 304 504 negotium
328 421 430 504 tuum,
457 417 520 484 hoo
544 419 656 504 otium,
683 418 738 484 hio
760 418 860 503 labor,
883 420 962 484 haec
986 419 1085 504 quies,

70 507 104 571 in
128 506 181 571 his
202 508 322 592 vigilia,
345 507 381 571 in
403 506 454 572 his
474 506 571 571 etiam
590 528 721 572 somnus
739 511 919 591 reponatur.
956 507 1122 595 Effinge4

70 596 195 678 aliquid
217 600 250 660 et
273 596 402 679 excude,
426 596 513 680 quod
536 596 579 660 sit
601 600 757 681 perpetuo
784 601 884 661 tuum.
930 594 1086 674 Nemre-

44 686 160 768 eliqua
173 706 280 749 rerum
295 689 423 750 tuarum
438 688 558 769 postte
573 685 672 750 alium
687 689 783 769 atque
801 687 899 750 alium
920 686 1096 762 dominum„

68 775 255 858 sortientur,
272 775 334 839 hoc
352 796 530 856 numquam
548 774 670 839 desinet
689 796 767 858 esse,
781 775 809 839 si
824 776 922 840 semel
937 777 1086 860 coeperit,

67 867 172 927 tuum.
202 860 286 946 Scio,
309 885 404 946 quem
430 863 583 946 animum,
607 863 692 947 quod
715 863 826 928 horter
848 865 1026 951 ingenium3
1049 868 1085 929 tu
1105 879 1119 928 5

67 951 167 1016 modo
195 952 327 1036 enitere,
355 956 392 1016 ut
419 952 481 1016 tibi
503 952 572 1035 ipse
597 952 760 1037 sistenti,
789 954 902 1037 quanti
925 953 1083 1018 videberis

66 1041 152 1124 eliis,
177 1041 205 1106 si
227 1040 287 1104 tibi
310 1040 419 1105 fueris.
461 1039 551 1105 Vale.

30 1229 53 1267 ro
552 1206 603 1264 IV.

174 1306 201 1354 (l.
224 1305 362 1354 PLINIUS
386 1305 564 1354 POMPEIAE
590 1305 786 1354 CELERINAE
812 1306 937 1354 SOCRUI
960 1306 986 1355 S.

136 1395 300 1473 Quantum
324 1397 488 1479 copiarum
512 1396 547 1460 in
569 1393 770 1478 Ocriculano,
792 1397 826 1460 in
843 1394 1026 1480 Narniensi,
1049 1398 1083 1462 in
1103 1413 1116 1460 1

66 1483 259 1568 CarsulanO,
287 1485 322 1548 in
348 1481 502 1550 Perusino
531 1486 601 1550 tuol
629 1484 664 1549 in
685 1482 860 1550 Narniensi
884 1506 960 1550 vero
987 1485 1083 1551 etiam

64 1573 240 1639 balineum.
277 1573 329 1638 Ex
353 1574 499 1658 epistulis
522 1574 602 1639 meis
626 1571 714 1660 (nam
736 1575 801 1638 iam
824 1575 890 1638 tuis
914 1597 995 1658 opus
1018 1596 1085 1640 non

28 1689 51 1728 ιε
65 1661 131 1748 est)
156 1685 220 1727 unu
243 1663 300 1726 illa
323 1661 429 1727 brevis
458 1666 604 1728 etvetus
629 1663 757 1728 sufficit.
802 1660 879 1728 Non
903 1664 1118 1729 meherculea

63 1757 134 1816 tam
163 1773 235 1816 mea
263 1755 352 1834 sunt,
382 1774 463 1836 quae
490 1773 561 1816 mea
589 1756 678 1837 sunt,
702 1773 798 1834 quam
825 1774 905 1836 quae
929 1757 998 1836 tua,
1020 1754 1084 1819 hoc

62 1846 177 1906 tamen
204 1840 370 1924 differunt,
398 1841 485 1924 quod
513 1840 683 1906 sollicitius
713 1845 745 1906 et
772 1841 928 1905 intentius
943 1841 1005 1906 'cui
1032 1864 1083 1906 me

63 1951 166 2014 quam
194 1930 259 1994 mei
290 1930 463 2013 excipiunt.
510 1927 599 1994 Idem
627 1930 765 1994 fortasse
794 1931 919 1994 eveniet
948 1930 1022 2014 tibi,
1055 1931 1117 1994 sie

64 2018 195 2102 quando
210 2018 246 2082 in
259 2021 369 2083 nostra
383 2017 565 2084 deverteris.
598 2017 692 2096 Quod
705 2019 803 2084 velim
817 2019 925 2102 facias,
939 2019 1081 2102 primum

26 2133 49 2172 so
62 2112 102 2171 ut
125 2105 258 2190 perinde
281 2107 400 2170 nostris
422 2107 518 2171 rebus
542 2127 579 2171 ac
596 2129 656 2172 nos
679 2109 745 2172 tuis
763 2107 944 2192 perfruaris,
969 2108 1082 2172 deinde

62 2200 102 2260 ut
115 2195 181 2260 mei
196 2195 460 2279 expergiscentur
473 2195 655 2278 aliquando,
670 2197 726 2278 qui
740 2218 792 2260 me
807 2216 915 2260 secure
930 2217 967 2260 ao
980 2218 1082 2280 prope

61 2284 275 2370 neglegenter
298 2286 475 2368 expectant.
512 2281 597 2348 Nam
621 2283 749 2348 mitium
773 2284 977 2348 dominorum
996 2286 1081 2368 apud
1100 2301 1116 2348 4

62 2394 177 2439 servos
206 2373 276 2456 ipsa
303 2372 533 2437 consuetudine
560 2376 664 2437 metus
693 2373 859 2458 exolescit3
881 2373 1081 2438 novitatibus

62 2463 248 2528 excitantur
274 2461 468 2544 probarique
497 2461 636 2525 dominis
664 2483 721 2545 per
749 2461 830 2526 alios
858 2463 961 2548 magis
985 2483 1080 2544 quam

24 2578 46 2618 τε
60 2575 121 2637 per
145 2551 234 2634 ipsos
256 2549 412 2614 laborant.
449 2548 539 2615 Vale.
613 2589 615 2596 .

234 2815 262 2864 c.
285 2814 424 2883 ruimus
448 2651 771 2970 w‘nonsno
797 2816 862 2864 suo
886 2814 912 2863 S.

129 2903 293 2971 Vidistine
316 2926 508 2989 quemquam
545 2914 574 2968 l.
597 2904 723 2990 Regulo
747 2905 952 2988 timidiorem,
975 2905 1078 2969 humi·
1098 2923 1112 2969 1

60 2997 178 3060 liorem
205 2998 281 3078 post
302 2992 482 3058 Domitiani
505 2995 663 3060 mortem?
691 2994 751 3058 sub
775 3016 839 3078 quo
862 3016 928 3059 non
953 2995 1079 3058 minora

23 3111 48 3152 sc
61 3083 189 3171 flagitia
221 3083 424 3149 commiserat
457 3105 552 3168 quam
585 3083 644 3148 sub
676 3081 819 3168 Nerone,
851 3083 907 3148 sed
934 3083 1077 3148 tectiore.

63 3173 181 3257 Coepit
194 3173 306 3256 vereri,
319 3193 359 3237 ne
374 3171 437 3236 sibi
453 3173 618 3257 irascerer;
635 3193 695 3236 nec
712 3172 893 3256 fallebatur,
911 3171 1077 3237 irascebar.

135 3403 283 3457 texendo
305 3417 381 3471 poa,
405 3401 443 3456 K.
454 3401 484 3468 I,
510 3401 570 3456 Otto
587 3403 656 3468 295,
680 3399 778 3470 Stoapt
797 3403 862 3466 669,
885 3402 983 3454 excute
1009 3399 1075 3465 Fr,

65 3473 181 3530 exclude
201 3473 240 3526 M
247 3472 314 3539 VD,
332 3473 369 3526 K.
379 3473 422 3526 II.
488 3477 503 3525 6
526 3489 620 3540 numq.
641 3472 697 3525 des.
718 3487 787 3538 esse,
806 3471 830 3532 ui
850 3488 869 3524 s.
890 3487 975 3539 coep,
995 3471 1075 3522 tuum

65 3546 102 3600 Μ
109 3545 166 3613 Vs,
185 3544 285 3615 Stunpt
299 3547 362 3613 662,
381 3561 475 3612 numq.
495 3545 576 3598 tuum
594 3543 651 3596 des.
667 3557 735 3608 esse,
756 3541 779 3595 si
799 3560 819 3596 s.
835 3557 910 3610 coep.
927 3541 1023 3605 nna,
1037 3539 1075 3593 K.

903 3628 916 3656 2

883 3635 896 3681 1
