2468 3938
157 323 315 387 lacrimae.
361 319 446 384 Nam
473 321 581 384 ferunt
603 320 739 404 Xersen,
772 342 844 384 cum
873 323 1054 385 inmensum
1085 343 1172 386 exer-

159 413 258 476 citum
274 411 375 474 oculis
395 411 524 493 obisset,
542 409 768 493 inlacrimasse,
787 410 874 493 quod
892 414 942 474 111
956 411 1088 474 milibus
1105 415 1172 474 11111

107 501 264 576 14111111
288 501 470 563 immineret
493 520 631 564 occasus.
665 497 728 562 Sed
746 503 837 562 tanto
857 499 1058 584 magishoc,
1082 500 1173 582 quid-

160 589 237 671 quid
260 593 308 652 est
331 588 491 676 temporis⁴
502 588 621 652 futtilis
640 592 672 651 et
690 588 809 671 caduci,
833 589 860 651 si
882 609 948 651 non
967 588 1061 651 datur
1078 589 1173 653 factis

160 677 248 763 (nam
262 676 378 740 horum
392 678 526 740 materia
540 678 574 758 in
588 677 691 740 aliena
705 677 827 762 manu),
841 681 925 740 certe
940 677 1054 742 studiis
1067 677 1173 760 profe
1201 705 1212 742 1

159 789 266 830 ramus
285 770 325 848 11,
345 769 501 848 quatenus
519 765 613 830 nobis
628 766 803 851 denegatur
816 766 871 829 diu
885 767 1000 849 vivere,
1013 767 1174 849 relinqua·

108 875 140 921 15
160 877 231 918 mus
246 854 376 937 aliquid,
391 876 454 937 quo
473 875 533 917 nos
551 854 669 918 vixisse
687 859 850 918 testemur.
889 853 961 918 Scio
982 859 1013 918 te
1033 855 1175 919 stimulis

159 965 226 1007 non
240 965 407 1028 egere3me
421 947 529 1007 tamen
539 944 587 1006 tui
602 945 716 1008 caritas
727 947 849 1026 evocat,
857 947 894 1006 ut
904 948 1085 1063 curreqtem
1096 966 1175 1027 quo-

161 1054 222 1115 que
237 1033 397 1117 instigem,
409 1033 492 1096 sicut
505 1036 542 1095 tu
557 1033 639 1096 soles
654 1054 713 1096 me.
736 1024 874 1115 *Ἀγαθὴ
890 1029 918 1095 d’
934 1035 1023 1117 ἔρις,
1038 1055 1112 1097 cum
1126 1034 1175 1096 in-

160 1122 304 1184 vicemse
314 1120 434 1184 mutuis
445 1119 722 1185 exhortationibus
736 1122 831 1185 amici
846 1121 886 1184 ad
900 1143 1041 1186 amorem
1055 1123 1175 1185 inmor-
1190 1147 1214 1186 ιο

160 1211 294 1274 talitatis
305 1215 471 1274 exacuunt.
490 1208 579 1274 Vale.

278 1403 469 1451 11111111
494 1403 667 1451 seuuemo
693 1404 918 1464 TRANQUILLO
944 1403 1008 1451 SUO
1034 1402 1059 1450 S.

127 1515 140 1560 1
227 1492 319 1557 Facis
333 1515 391 1576 pro
406 1497 511 1557 cetera
519 1493 705 1576 reverentia,
720 1515 816 1575 quem
830 1493 910 1556 mihi
924 1497 1075 1577 praestas,
1087 1495 1177 1577 quod

161 1586 228 1645 tam
248 1581 383 1645 sollicite
402 1583 493 1664 petis,
517 1585 553 1644 ut
568 1583 776 1664 tribunatum,
796 1604 891 1665 quem
906 1604 924 1645 a
941 1581 1075 1646 Neratio
1091 1581 1177 1646 Mar·
1192 1609 1215 1648 15

162 1671 251 1752 cello,
271 1671 447 1734 clarissimo
466 1671 545 1753 viro,
563 1671 732 1753 impetravi
751 1671 820 1753 tibi,
839 1671 873 1734 in
888 1669 1098 1735 Caesennium
1115 1669 1177 1736 Sil-

126 1779 142 1826 1
161 1780 288 1840 vanum,
302 1760 519 1841 propinquum
533 1763 635 1842 tuum,
649 1759 847 1823 transferam.
871 1759 953 1822 Mihi
967 1765 1075 1824 autem
1091 1761 1179 1826 siout

161 1847 427 1911 iucundissimum
442 1849 547 1930 ipsum
562 1852 594 1912 te
604 1849 769 1921 tribunum
784 1849 830 1911 ita
843 1847 909 1911 non
923 1850 1030 1912 minus
1045 1853 1177 1934 gratum

162 1937 260 2000 alium
269 1959 327 2020 per
340 1942 372 2000 te
385 1937 500 2000 videre.
518 1935 632 2019 Neque
652 1938 736 2001 enim
752 1959 819 2001 esse
832 1959 1010 2022 congruens
1025 1938 1179 2022 arbitror,

163 2048 256 2108 quem
272 2047 388 2110 augere
410 2024 587 2090 honoribus
602 2027 721 2109 cupias,
739 2025 817 2090 huic
831 2027 960 2109 pietatis
975 2027 1081 2090 titulis
1094 2027 1179 2092 invi·
1194 2053 1216 2092 11

126 2133 142 2179 3
162 2115 303 2196 dere,qui
314 2118 389 2178 sunt
398 2113 546 2178 omnibus
556 2113 945 2197 honoribuspulchriores.
956 2113 1058 2179 Video
1066 2117 1179 2200 etiam,

163 2224 236 2266 cum
255 2204 298 2266 sit
319 2204 482 2288 egregium
502 2207 534 2266 et
548 2203 662 2267 mereri
677 2203 831 2267 beneficia
851 2208 882 2268 et
903 2204 985 2286 darc,
1005 2208 1180 2288 utramque
1222 2219 1223 2225 ’

162 2295 194 2354 11
207 2292 334 2354 laudem
350 2292 446 2355 simul
459 2292 693 2375 adsecuturum,
707 2293 743 2375 si,
763 2293 849 2374 quod
863 2293 931 2376 ipse
945 2293 1105 2375 meruisti,
1120 2295 1179 2358 alii

131 2421 134 2426 -
162 2381 293 2444 tribuas.
316 2379 483 2444 Praeterea
496 2381 649 2465 intellego
668 2382 748 2444 mihi
763 2403 891 2463 quoque
910 2381 1030 2466 gloriae
1048 2381 1130 2466 fore,
1153 2386 1179 2446 si

163 2491 201 2533 ex
219 2469 282 2533 hoc
300 2472 356 2532 tuo
377 2469 463 2533 facto
486 2491 552 2532 non
574 2469 672 2534 fuerit
689 2471 837 2554 ignotum
857 2471 976 2534 amicos
995 2491 1084 2534 meos
1108 2493 1179 2535 non
1193 2497 1215 2535 es

127 2576 144 2622 4
163 2580 271 2643 gerere
284 2561 410 2621 tantum
424 2558 606 2621 tribunatus
620 2580 722 2641 posse,
731 2581 842 2624 verum
857 2560 953 2623 etiarn
969 2560 1051 2623 dare.
1071 2558 1180 2634 Quare

163 2669 223 2732 ego
233 2667 308 2711 1111
318 2647 562 2711 honestissimae
571 2648 731 2710 voluntati
745 2651 819 2711 tuae
832 2670 937 2731 pareo.
960 2645 1074 2731 Neque
1089 2651 1179 2714 enim

163 2735 267 2800 adhuc
289 2757 407 2799 nomen
425 2736 460 2798 in
477 2757 627 2800 numeros
650 2737 787 2800 relatum
807 2741 864 2820 est,
882 2737 1017 2819 ideoque
1036 2737 1179 2802 liberum

164 2829 213 2888 est
222 2825 316 2888 nobis
327 2823 492 2888 Silvanum
502 2825 537 2888 in
550 2825 657 2889 locum
672 2829 764 2889 tuum
773 2826 920 2910 subdere,
935 2827 987 2890 cui
1002 2826 1098 2910 cupio
1108 2831 1180 2890 tarn

166 2917 293 2997 gratum
313 2935 382 2976 esse
405 2935 522 2977 munus
541 2917 633 2977 tuum
686 2936 760 2977 uam
779 2914 840 2977 tibi
858 2937 965 2978 meum
985 2917 1041 2978 est.
1084 2913 1180 2980 Vale.
1194 2939 1217 2980 11

303 3159 331 3206 C.
354 3161 491 3208 PLINIUS
517 2936 900 3208 CORNQINICIANO
925 3161 990 3209 SUO
1015 3161 1040 3208 S.

131 3266 145 3312 1
231 3247 368 3311 Possum
395 3251 459 3312 iam
486 3251 681 3332 perscribere
704 3252 778 3334 tibi,
806 3254 961 3333 quantum
989 3252 1024 3314 in
1045 3251 1181 3334 publica

131 3353 146 3399 2
165 3336 348 3417 provinciae
361 3335 510 3401 Baeticae
529 3359 623 3402 causa
640 3339 761 3401 laboris
780 3339 990 3402 exhauserim.
1013 3338 1099 3404 Nam
1114 3341 1181 3406 fuit

239 3473 612 3554 Ι11111111,1111111111
632 3474 741 3527 Xerxen
757 3478 794 3530 Μ
802 3477 868 3543 VD,
883 3479 929 3542 K,
949 3477 1068 3531 Xerxem
1088 3497 1140 3560 ςᾳ.
1217 3491 1218 3583 q

167 3540 450 3607 41111111Κ.,11111111
460 3545 534 3598 MV.
573 3549 1006 3631 snosaateoersems,nos0e1e
1019 3550 1182 3618 V;pos1ta?

1214 3899 1216 3915 l
