2468 3938
172 320 265 382 illum
289 317 451 399 onerabat,
475 316 561 399 quod
582 314 681 380 homo
705 317 842 381 simler
864 319 897 379 et
920 317 1067 380 incautus
1092 337 1186 398 quae-

172 409 246 471 dam
265 429 284 470 a
302 406 552 490 provincialibus
572 409 609 469 ut
627 406 749 470 amicus
768 408 941 489 acceperat.
976 403 1062 469 Nam
1080 404 1186 467 fuerat

172 497 207 559 in
230 496 340 560 eadem
363 495 528 579 provincia
554 497 711 577 quaestor.
756 494 846 558 Haec
873 497 1073 558 accusatores
1100 493 1187 556 furta

172 606 210 649 ac
232 585 369 669 rapinas,
392 585 460 667 ipse
483 605 615 647 munera
638 583 790 667 vocabat3
813 582 868 648 sed
886 585 938 647 lex
957 604 1089 646 munera
1110 604 1187 665 quo-

136 691 234 757 tque
265 673 367 756 accipi
397 675 492 736 vetat.
538 671 601 735 Hic
633 693 692 758 ego
727 672 804 755 quid
836 694 973 757 agerem,
1006 671 1093 754 quod
1126 672 1222 735 itere

171 763 366 827 defensionis
396 761 598 847 ingrederer?
639 760 822 846 Negarem?
850 761 996 844 verebar,
1023 782 1063 823 ne
1090 761 1187 843 plane

170 853 293 915 furtum
323 850 498 933 videretur,
528 850 614 933 quod
644 851 790 914 confiteri
818 850 973 924 timerem.
1019 847 1188 913 Praeterea

170 962 239 1004 rem
262 940 464 1004 manifestam
489 939 621 1002 infitiari
642 939 789 1024 augentis
813 942 882 1003 erat
904 939 1033 1021 crimen,
1051 959 1119 1001 non
1141 939 1188 1001 di-

170 1030 299 1112 luentis,
321 1029 509 1114 praesertim
529 1049 602 1091 cum
624 1050 698 1092 reus
717 1029 786 1111 ipse
809 1027 891 1091 nihil
909 1028 1072 1113 integrum
1091 1026 1188 1091 adro-

172 1119 251 1182 catis
282 1118 475 1201 reliquisset.
525 1115 638 1180 Multis
671 1117 756 1180 enim
788 1120 885 1200 atque
917 1117 1016 1180 etiam
1047 1116 1188 1200 principi
1203 1141 1223 1180 a

171 1207 296 1272 dixerat
328 1209 396 1272 sola
428 1228 461 1271 se
493 1207 684 1270 munuscula
715 1205 884 1270 dumtaxat
913 1206 1014 1269 natali
1042 1226 1101 1269 suo
1132 1209 1189 1268 aut

135 1294 396 1360 ssaturnalibus
426 1296 585 1378 accepisse
616 1298 648 1358 et
677 1296 839 1378 plerisque
869 1295 1003 1359 misisse.
1049 1293 1188 1357 Veniam

172 1407 248 1470 ergo
271 1385 436 1467 peterem?
463 1385 661 1469 iugulassem
688 1405 789 1466 reum,
817 1405 913 1466 quem
941 1385 987 1446 ita
1015 1382 1189 1465 deliquisse

173 1474 393 1556 concederem,
419 1476 457 1536 ut
485 1473 604 1536 servari
631 1472 694 1537 nisi
720 1473 814 1536 venia
841 1493 907 1535 non
929 1475 1047 1555 posset.
1094 1469 1190 1534 Tam-

173 1584 269 1645 quam
287 1566 372 1626 recte
390 1562 512 1625 factum
531 1560 658 1625 tuerer?
677 1582 743 1624 non
761 1561 810 1624 illi
827 1561 968 1643 profuiss
987 1583 1029 1643 m,
1049 1559 1105 1623 sed
1119 1561 1190 1642 ipse
1204 1583 1223 1624 u

137 1668 152 1715 9
172 1650 329 1733 inpudens
348 1650 534 1714 extitissem.
561 1647 678 1733 lnhac
693 1649 884 1713 difficultate
902 1581 1026 1801 Ριιέιιι
1043 1649 1190 1713 medium

172 1738 324 1822 quiddam
348 1742 469 1821 tenere3
491 1739 602 1804 videor
624 1739 772 1802 tenuisse.
818 1736 955 1802 Actione
1012 1760 1127 1821 meam,
1152 1742 1191 1802 ut
1222 1793 1223 1796 ,

195 1825 301 1891 roelsa'
324 1828 419 1912 solet,
448 1848 514 1890 nox
544 1827 680 1891 diremit.
725 1825 865 1912 Egeram
896 1826 985 1891 horis
1017 1827 1122 1891 tribus
1157 1832 1191 1891 et
1222 1855 1223 1917 q

24 1851 319 2069 fssdimidia,
346 1919 509 2001 supererat
537 1916 732 1999 sesquihora.
767 1914 867 1999 Nam,
895 1936 969 1980 oum
998 1938 1014 1979 e
1042 1917 1115 2001 lege
1138 1937 1191 1980 ac-

11 2011 16 2034 *
52 2038 93 2108 μμ
172 2009 301 2070 cusator
324 2027 379 2070 sex
401 2007 507 2088 horas,
529 2027 645 2069 novem
667 2027 741 2068 reus
764 2005 947 2088 accepisset,
966 2006 1012 2068 ita
1035 2004 1191 2068 diviserat
1204 2029 1222 2068 u

25 2097 65 2166 l(
172 2099 318 2178 tempora
339 2117 413 2160 reus
436 2096 520 2158 inter
542 2116 593 2158 me
617 2097 649 2158 et
673 2116 755 2176 eum,
774 2094 831 2177 qui
852 2093 995 2158 dicturus
1014 2096 1090 2176 post
1109 2098 1190 2176 erat,

121 2200 154 2247 ιο
173 2187 210 2246 ut
233 2205 292 2269 ego
317 2184 458 2267 quinque
480 2183 578 2266 horis,
599 2183 653 2246 ille
676 2183 809 2265 reliquis
827 2186 979 2246 uteretur.
1016 2181 1099 2245 Mihi
1118 2203 1189 2246 suc-

174 2293 280 2336 cessus
304 2273 439 2337 actionis
463 2273 628 2336 silentium
651 2271 813 2354 finemque
835 2271 997 2335 suadebat.
1039 2270 1189 2335 Temera-

173 2362 257 2424 rium
281 2365 330 2425 est
352 2362 437 2424 enim
461 2361 608 2425 secundis
630 2382 697 2424 non
719 2381 787 2424 esse
811 2364 1009 2436 contentum
1049 2357 1101 2423 Ad
1125 2360 1189 2424 hoc

172 2450 314 2533 verebar,
336 2472 376 2514 ne
399 2472 450 2513 me
469 2450 612 2533 corporis
630 2449 714 2514 vires
733 2449 848 2513 iterato
867 2450 977 2514 labore
997 2450 1189 2531 desererent,
1203 2471 1222 2512 ιι

122 2555 152 2602 ιι
174 2560 270 2622 quem
289 2539 452 2603 difficilius
471 2542 520 2602 est
537 2541 680 2622 repetere
700 2560 796 2621 quam
815 2539 955 2623 iungere.
990 2536 1070 2601 Erat
1089 2540 1188 2602 etiam

172 2628 361 2711 periculum,
384 2650 424 2691 ne
446 2628 570 2710 reliqua
594 2627 677 2690 actio
701 2630 828 2690 meast
854 2626 958 2713 frigus
982 2631 1019 2690 ut
1042 2627 1190 2710 deposita

173 2721 206 2780 et
224 2716 365 2780 taedium
384 2720 421 2780 ut
439 2719 602 2800 resumpta
616 2719 786 2799 pateretur.
819 2713 865 2778 Ut
879 2716 965 2779 enim
978 2715 1064 2779 faces
1078 2717 1189 2801 ignem

174 2805 307 2870 adsidua
337 2805 545 2870 concussione
580 2805 779 2887 custodiunt,
811 2803 979 2868 dimissum
1012 2805 1189 2889 aegerrime

173 2899 332 2978 reparant,
355 2895 401 2959 sic
420 2899 451 2958 et
471 2894 605 2958 dicentis
625 2896 712 2958 calor
730 2896 762 2956 et
780 2893 939 2957 audientis
958 2893 1096 2957 intentio
1116 2914 1191 2956 con-
1204 2913 1222 2956 ιι

174 2983 353 3048 tinuatione
376 2986 530 3066 servatur,
558 2981 793 3066 intercapedine
821 2985 854 3045 et
882 2981 974 3065 quasi
1000 2982 1190 3046 remissione

122 3087 154 3135 ιι
174 3072 362 3173 languescit,
407 3069 470 3136 Sed
492 3071 750 3152 Bassusqmultis
773 3070 936 3154 precibus,
962 3093 1064 3154 paene
1092 3071 1190 3135 etiam

175 3161 316 3224 lacrimis
346 3161 553 3264 obsecrabat,
577 3161 743 3243 implerem
774 3182 881 3223 meum
912 3163 1058 3243 tempus..
1093 3159 1191 3224 Parui

175 3248 413 3333 utilitatemque
437 3252 505 3314 eius
528 3249 666 3333 praetuli
692 3271 790 3313 meae.
836 3247 922 3331 Bene
946 3249 1056 3356 cessit,
1076 3250 1191 3365 iqueni

1021 3344 1033 3376 ,ι
1056 3350 1076 3368 ,,
1096 3335 1108 3361 ,,
1171 3340 1175 3363 ,

247 3393 264 3440 4
283 3405 316 3442 ac
335 3391 401 3455 Da,
415 3390 502 3454 ΚΠ,
522 3391 551 3444 et
570 3391 608 3443 Μ
616 3363 690 3455 Vpr,
704 3380 773 3452 Κλ,
792 3390 842 3441 aut
856 3389 892 3442 F.
913 3359 1133 3456 'repressa
1169 3388 1174 3409 ''

176 3459 390 3597 ὲξῐὲἔὲιιὲιὶιῑιιι
408 3461 598 3527 Miramur,
620 3459 681 3514 ouo
694 3463 757 3524 299,
776 3458 933 3527 iugulasset
947 3461 986 3516 D.
1038 3432 1190 3573 χιῖιιιιι-
