2458 3940
144 107 209 171 312
579 105 606 160 C.
626 105 724 160 PLINI
749 118 753 132 ¹

144 274 200 334 aut
214 269 322 352 civica,
333 269 388 333 sed
403 268 576 334 Graeculus
590 271 743 355 magister
757 269 888 351 assistit,
897 291 993 352 quam
1002 289 1155 354 magnum

143 361 192 422 est
214 381 313 422 unum
339 380 378 421 ex
402 360 552 424 omnibus
575 360 680 442 patrio
704 379 802 441 more,
825 359 931 442 patria
952 357 1073 422 virtute
1095 359 1156 420 lae

143 446 497 530 tarietsineaemu10,
517 448 584 512 sine
604 449 750 531 exemplo
771 468 878 512 secum
899 450 1028 529 certare,
1046 467 1155 510 secum
1197 416 1198 490 l

105 571 108 576 v
144 536 334 600 contendere
362 557 408 618 ac,
436 537 518 601 sicut
546 538 703 620 imperare
730 538 845 619 solum,
872 537 918 600 ita
946 536 1051 600 solum
1079 557 1155 618 esse,

144 626 199 707 qui
223 624 336 688 debeat
359 626 528 708 imperare!
1178 649 1187 688 a

91 711 136 777 14
207 711 284 777 Non
315 714 509 779 incunabula
540 714 620 778 haec
646 714 716 798 tibi,
744 713 869 798 Caesar,
900 718 933 778 et
964 713 1155 794 rudimenta,

142 822 215 865 cum
238 825 318 886 puer
341 802 512 867 admodum
536 803 687 868 Parthica
708 805 799 867 lauro
821 803 957 889 gloriam
980 802 1084 885 patris
1103 824 1156 865 au-

142 912 232 975 geres
255 913 436 975 nomenque
459 889 640 956 (lermanici
662 893 728 956 iam
746 895 816 956 turn
835 913 999 973 mererere,
1018 911 1094 954 oum
1113 891 1154 954 fe

140 980 261 1045 rociam
287 981 534 1064 superbiamque
560 980 754 1045 Parthorum
781 1003 821 1044 er
848 981 996 1064 proximo
1024 979 1154 1044 auditus
1202 962 1203 1002 l

140 1090 258 1156 magno
276 1072 398 1133 terrore
417 1070 581 1134 cohiberes
600 1069 813 1152 Rhenumque
832 1073 864 1134 et
882 1069 1083 1152 Euphratem
1103 1068 1154 1132 ad-
1166 1095 1187 1133 a

140 1157 320 1222 mirationis
343 1162 416 1222 tuae
440 1159 592 1222 societate
616 1159 847 1244 coniungeres?
871 1179 943 1222 cum
962 1158 1075 1222 orbem
1094 1161 1154 1221 ter-
1204 1182 1205 1200 ¹

139 1268 246 1310 rarum
273 1268 340 1310 non
366 1248 502 1331 pedibus
529 1248 632 1332 magis
662 1269 759 1331 quam
786 1247 935 1312 laudibus
967 1269 1154 1331 peragrares
1205 1289 1206 1312 r

141 1337 225 1418 apud
248 1357 302 1400 eos
327 1356 452 1419 semper
474 1337 578 1400 maior
600 1339 633 1401 et
656 1337 780 1418 clarior,
804 1336 921 1419 quibus
943 1339 1056 1420 postea
1081 1356 1154 1399 con-

140 1425 289 1508 tigisses?
321 1425 367 1489 nt
384 1425 523 1490 necdum
540 1426 725 1509 imperator,
744 1425 881 1490 necdum
900 1425 950 1489 dei
968 1425 1055 1488 filius
1076 1446 1154 1488 eras.

103 1530 119 1576 2
140 1510 342 1578 Germaniam
351 1514 610 1597 Hispaniamque
625 1536 697 1579 cum
712 1514 869 1599 plurimae
884 1518 994 1600 gentes
1004 1532 1042 1577 ac
1051 1535 1153 1597 prope
1166 1538 1188 1578 15

140 1602 267 1665 infinita
285 1604 418 1667 vastitas
437 1603 655 1668 interiacentis
675 1605 736 1668 soli
754 1607 824 1667 tum
842 1602 1034 1686 Pyrenaeus,
1052 1600 1153 1687 Alpes

139 1691 350 1774 immensique
369 1692 425 1755 alii
444 1695 579 1775 montes,
598 1692 660 1756 nisi
678 1692 729 1757 his
748 1695 983 1776 comparentur,
1001 1693 1153 1755 muniunt

102 1779 364 1864 sdirimuntque.
414 1780 477 1845 Per
508 1780 570 1844 hoo
603 1803 697 1845 omne
730 1782 870 1864 spatium
903 1802 975 1845 cum
1007 1781 1153 1864 legiones
1210 1849 1211 1852 ,

139 1868 269 1932 duceres
293 1890 349 1933 seu
371 1870 480 1952 potius
504 1869 608 1956 (tanta
630 1871 784 1934 velocitas
812 1866 893 1955 erat)
921 1890 1059 1953 raperes,
1087 1891 1153 1934 non
1211 1948 1212 1954 ἵ

137 1957 321 2021 vehiculum
344 1981 507 2042 umquam,
530 1980 597 2022 non
619 1980 737 2042 equum
755 1959 933 2042 respexisti.
970 1957 1067 2022 Levis
1090 1959 1188 2040 hiasi
1211 1955 1212 1962 '

136 2068 203 2110 non
226 2047 407 2111 subsidium
430 2048 564 2129 itineris,
587 2048 643 2132 sed
667 2047 762 2112 decus
785 2049 858 2130 †et
882 2067 955 2111 curn
979 2047 1152 2130 subsequa⁴

137 2136 239 2218 batur,
253 2139 291 2199 ut
305 2137 394 2201 cuius
409 2138 517 2201 nullus
531 2136 591 2200 tibi
610 2158 697 2222 usus,
715 2137 777 2201 nisi
797 2157 870 2201 cum
889 2137 940 2199 die
959 2135 1150 2200 stativorum

136 2225 319 2307 proximum
344 2246 492 2308 campum
516 2227 680 2290 alacritate
709 2225 870 2290 discursus
897 2227 1029 2309 pulvere
1056 2227 1152 2289 attol-

101 2314 225 2378 lleres.
267 2311 399 2378 Initium
427 2313 548 2379 laboris
575 2315 673 2378 mirer
700 2337 742 2378 an
768 2314 887 2378 finem?
924 2313 1064 2378 Multum
1093 2318 1151 2396 eet,

137 2401 223 2484 quod
245 2404 465 2486 perseverasti,
486 2404 560 2486 plus
583 2407 700 2486 tamen,
728 2403 815 2486 quod
841 2424 907 2466 non
934 2402 1082 2485 timuisti,
1109 2425 1185 2467 11111

101 2509 337 2574 &perseverare
359 2513 425 2556 non
447 2513 566 2575 posses.
602 2491 672 2556 Nec
695 2491 822 2576 dubito,
845 2493 924 2574 quin
945 2493 1014 2573 ille,
1037 2491 1095 2574 qui
1118 2495 1150 2556 te

136 2581 220 2644 inter
239 2581 298 2644 illa
322 2577 509 2644 (1111111111
532 2581 617 2644 bella
640 2581 680 2644 ab
703 2579 861 2664 Hispania
887 2601 989 2662 usque
1011 2582 1049 2643 ut
1071 2581 1150 2644 vali-

137 2669 304 2734 dissimum
333 2669 528 2753 praesidium
559 2670 731 2752 exciverat,
758 2670 843 2734 inerr
871 2669 940 2753 ipse
972 2669 1149 2752 alienisque

135 2759 310 2823 virtutibus
341 2762 419 2822 tuuc
451 2780 578 2840 quoque
609 2759 737 2822 invidus
769 2759 951 2842 imperator,
984 2779 1057 2821 cum
1088 2779 1150 2840 ope

136 2869 244 2911 earum
273 2848 440 2932 indigeret,
470 2851 592 2911 tautam
623 2846 868 2912 admirationem
903 2848 951 2910 tui
983 2867 1050 2910 non
1079 2847 1149 2911 sine
1162 2869 1186 2910 se

135 2936 274 3019 quodam
298 2937 413 3000 timore
436 2937 626 3020 conceperit,
654 2939 806 3019 quantam
834 2937 889 3000 ille
917 2936 1044 3020 genitus
1071 2934 1149 3000 Iove

205 3083 222 3130 4
241 3076 379 3143 imperare
397 3075 495 3142 solum,
514 3075 556 3128 ita
570 3074 660 3129 solum
675 3076 785 3140 Baetr,
799 3074 950 3142 imperaret
964 3073 1039 3127 solus
1056 3073 1148 3127 solum

133 3149 175 3201 ita
193 3148 279 3214 codd,
302 3146 424 3216 imperat
444 3146 528 3212 solus,
547 3146 637 3199 solum
656 3146 698 3200 ita
716 3147 787 3216 oalp.
861 3151 876 3197 9
896 3146 1079 3200 barbarorum
1094 3163 1150 3214 pro

135 3219 228 3270 Parth.
243 3217 377 3284 Salamara,
392 3219 460 3272 KI.
529 3223 563 3271 10
577 3217 741 3287 Euphraten
760 3219 797 3272 K.
867 3223 899 3270 21
923 3217 952 3270 et
969 3234 1033 3269 curn
1047 3217 1148 3285 pleriq.

133 3289 220 3353 codd,
241 3290 269 3340 et
288 3305 350 3340 curn
369 3289 469 3342 ceteris
492 3289 551 3342 edd.
571 3290 725 3357 antiquiss,
744 3289 813 3352 KJ,
837 3290 867 3342 et
889 3305 953 3341 cum
976 3287 1025 3341 del.
1046 3289 1150 3356 Haupt

136 3359 229 3410 Herm.
250 3359 618 3428 Vacsq.,13wrca.1crsq.‚
639 3362 668 3413 et
686 3361 813 3413 tutamen
834 3359 934 3412 Baelrr.
958 3359 994 3425 cs.
1014 3359 1091 3429 Very.
1110 3361 1148 3413 A.

140 3429 240 3492 V262,
259 3429 288 3480 11
301 3433 491 3482 ornamentem
505 3431 576 3484 1011.
591 3432 677 3496 Κ.ΙΙ,
696 3429 888 3498 equitatum?
951 3435 984 3482 23
1004 3428 1149 3483 discursus

135 3498 245 3561 Baehr,
264 3497 389 3550 discursu
407 3502 478 3569 vulp.
552 3507 584 3553 27
604 3502 677 3555 inter
695 3501 758 3569 ipsa
775 3503 811 3554 A.
