2458 3940
319 149 591 248 ’1)11111611110118Ι
606 159 767 208 ιιι-ιι.
778 170 798 208 ι.
1007 155 1071 219 319

54 319 112 381 dat
134 320 296 402 augetque
314 317 469 401 temporis
493 318 641 400 spatium.
679 315 818 382 Iunxisti
839 319 923 382 euim
942 341 979 383 ac
997 319 1071 384 mis-

54 406 155 471 cuisti
177 427 229 469 res
253 404 493 490 diversissimas,
512 407 715 470 securitatem
735 406 812 470 olim
831 407 1020 490 imperantis
1039 411 1071 472 et

54 494 242 578 incipientis
256 494 420 578 pudorem.
447 494 480 559 N
482 517 524 558 on
542 498 579 558 tu
598 494 716 560 civium
735 497 901 579 amplexus
920 496 961 559 ad
974 496 1071 580 pedes
1090 513 1105 558 a

54 588 134 647 tuos
157 583 309 667 deprimis
331 604 390 648 neo
413 583 558 648 osculum
582 606 678 648 manu
698 585 818 668 reddis3
841 589 950 649 manet
972 587 1071 669 impe-

26 673 158 740 sratori
181 694 262 755 quae
286 672 376 756 prius
405 673 468 737 oris
496 674 688 737 humanitas.
724 672 898 739 Incedebas
926 674 1071 758 pedibus,

55 761 192 846 incedis,
210 760 381 825 laetabaris
400 761 518 846 labore,
537 761 675 846 laetaris,
690 763 862 846 eademque
881 764 944 826 alia
964 763 1071 828 omnia

55 851 143 915 circa
163 853 204 934 te,
223 849 305 914 nihil
324 852 360 914 ia
377 850 449 934 ipso
467 854 500 915 te
518 851 650 916 fortuna
667 852 814 916 mutavit.
850 851 1002 917 Liberum
1022 857 1071 916 est
1089 869 1105 914 3

54 939 257 1023 ingrediente
274 962 332 1023 per
348 939 515 1024 publicum
533 941 679 1023 principe
696 940 879 1025 subsistere,
898 963 1070 1026 occurrere,

55 1028 214 1110 comitari,
232 1029 413 1112 praeterire.
445 1027 603 1093 Ambulas
622 1029 706 1092 inter
719 1049 788 1112 nos,
801 1051 867 1094 non
887 1031 979 1114 quasi
998 1051 1070 1094 con-

12 1119 174 1202 retinges,
197 1120 229 1180 et
253 1118 377 1201 copiam
405 1119 463 1200 tui,
490 1139 557 1182 non
583 1121 620 1182 ut
648 1119 797 1202 imputes,
823 1118 912 1183 facis.
949 1118 1071 1183 Haeret

53 1206 152 1270 lateri
180 1209 248 1289 tuo,
278 1207 425 1290 quisquis
456 1208 600 1285 accessit,
629 1207 791 1290 finemque
821 1207 960 1272 sermoni
993 1230 1069 1271 suus

54 1293 172 1379 cuique
191 1295 303 1378 pudor,
320 1317 387 1360 uon
404 1300 461 1360 tua
479 1295 629 1381 superbia
647 1295 733 1360 facit.
765 1294 921 1381 Regimur
940 1296 1069 1380 quidem
1088 1315 1105 1361 1

54 1387 169 1448 attae
155 1383 323 1450 tsubiecti
343 1385 412 1468 t,ibi
427 1385 483 1450 sed
497 1407 592 1468 quem
607 1385 646 1448 ad
659 1385 791 1449 modum
805 1385 933 1471 legibus
952 1407 1069 1450 snmus.

54 1472 203 1537 Namt
171 1477 203 1536 et
231 1473 306 1537 illae
334 1437 527 1558 cupiditates
559 1477 686 1538 nostras
718 1472 932 1558 libidinesque
964 1475 1070 1539 mode·

13 1591 39 1630 ιι
53 1566 178 1646 rantur,
191 1562 360 1627 nobiseum
378 1567 488 1627 tamen
502 1563 561 1626 et
553 1565 636 1627 inter
651 1584 711 1627 nos
725 1567 854 1626 versant
855 1587 902 1628 ur,
929 1563 1070 1648 Emines,

55 1613 256 1715 excellibrit
285 1651 467 1736 honor,tut
498 1655 651 1736 potestas,
684 1673 765 1735 quae
797 1673 894 1736 super
921 1615 1070 1717 hominei

54 1741 195 1823 quidem,
218 1655 399 1804 hirminum
410 1744 522 1805 suntt
523 1762 624 1804 amen.
661 1738 789 1804 Antet
775 1744 807 1804 te
834 1743 995 1826 principes
1023 1743 1103 1806 faa

55 1829 153 1893 stidio
176 1830 279 1894 nostri
299 1833 332 1892 et
350 1830 489 1912 quodam
508 1829 712 1914 aequalitatis
730 1833 820 1894 metu
838 1853 933 1896 usum
950 1832 1068 1916 pedum

54 1919 237 1982 amiserant.
265 1916 343 1982 illos
363 1940 439 2004 ergo
454 1919 557 1983 umeri
576 1919 777 2002 cervicesque
796 1941 960 1984 servorum
975 1942 1071 2004 super

13 2036 40 2074 ro
55 2029 113 2070 ora
135 2010 310 2090 nostrate
292 2008 427 2091 clama,
450 2011 482 2071 te
506 2007 654 2109 gloria,t
640 2007 815 2072 teoivium
838 2008 950 2091 pietas,
978 2013 1010 2072 te
1032 2012 1069 2073 li-

53 2096 164 2159 bertas
188 2117 283 2180 super
301 2097 388 2180 ipsos
410 2097 573 2180 principes
591 2096 726 2179 vehunt3
749 2099 781 2159 e
749 2096 841 2159 ad
860 2097 965 2160 sidera
982 2097 1070 2161 otllit

53 2186 174 2248 humus
197 2185 260 2249 ista
283 2185 461 2250 communis
486 2189 517 2249 et
503 2185 673 2250 toonfura
697 2184 855 2268 principis
878 2189 949 2249 vest
950 2185 1024 2272 igia.

122 2271 191 2337 Nec
205 2295 325 2358 vereor,
338 2278 446 2358 patres
461 2275 644 2357 conscripti,
661 2296 701 2337 ne
720 2274 849 2358 longior
863 2275 980 2360 videar,
995 2275 1120 2341 cum25

54 2363 98 2426 sit
122 2363 261 2427 maxime
285 2364 525 2515 optandum,ut
488 2385 591 2446 uea,
610 2384 669 2447 pro
690 2363 806 2446 quibus
826 2367 965 2448 aguntur
983 2364 1068 2447 prin-

14 2451 121 2534 recipi
139 2451 271 2537 gratiae,
289 2452 435 2516 multa'
410 2456 488 2516 sint·
481 2504 488 2537 ,
508 2473 589 2536 quae
607 2450 737 2535 quidem
755 2452 953 2516 reverentius
970 2453 1069 2517 fuerit

54 2542 181 2626 integra
195 2541 393 2624 inlibataque
408 2540 659 2627 cogitationibus
672 2540 788 2605 vestris
802 2542 957 2607 reservari
972 2564 1068 2625 quam

54 2631 192 2713 carptim
215 2630 418 2714 breviterque
444 2631 628 2714 perstringi,
656 2631 732 2713 quia
758 2631 824 2694 fere
852 2630 1004 2713 sequitur,
1031 2635 1068 2694 ut

55 2719 113 2782 illa
137 2719 275 2802 quidem,
298 2719 336 2782 de
360 2719 478 2802 quibus
500 2723 615 2802 tatem,
635 2722 737 2802 tanta,
755 2723 874 2802 quanta
898 2723 982 2803 sunt,
1000 2742 1068 2784 esse

52 2809 224 2872 videantur
242 2859 248 2872 .
265 2859 271 2871 .
288 2859 294 2870 .
309 2859 329 2890 .,
353 2807 416 2872 nisi
439 2829 514 2872 vero
537 2807 652 2873 leviter
670 2809 787 2892 attingi
805 2809 911 2892 placet
928 2809 1069 2892 locuple·
1088 2827 1103 2873 a

14 2925 40 2964 ιι
53 2901 140 2961 tatas
172 2897 276 2961 tribus
310 2897 364 2961 dat
350 2901 484 2981 tumque
514 2897 714 2982 congiarium
743 2897 865 2980 populo
896 2900 928 2962 et
958 2897 1069 2962 datum

126 3045 142 3091 o
161 3053 234 3104 quae
251 3039 329 3108 prius
344 3038 380 3103 A,
399 3038 500 3092 Baete.
511 3055 541 3106 p
553 3039 657 3104 XXII,
675 3053 748 3105 quae
766 3035 843 3104 prior
857 3037 939 3107 vulp,
957 3053 1068 3103 quoque

52 3109 139 3190 prior·
145 3108 246 3164 Buetr
310 3113 326 3161 6
345 3108 499 3176 eademque
515 3107 573 3162 alia
587 3108 681 3162 omnia
694 3124 744 3162 scr.
745 3107 894 3174 Weademq
910 3077 961 3160 illa
975 3106 1069 3160 omnia

54 3179 162 3248 (omnia
179 3179 239 3250 illa)
258 3180 345 3245 codd,
364 3180 463 3233 eadem
482 3195 554 3249 quae
574 3179 669 3234 omnia
686 3178 738 3232 illa
758 3179 848 3244 Geso,
867 3181 905 3232 Κ.
911 3178 937 3245 Ι,
957 3179 1068 3232 eadam-

53 3267 110 3318 que
127 3250 180 3304 illa
198 3266 271 3319 quae
289 3250 384 3304 omnia
398 3251 436 3304 Κ
442 3253 486 3316 ΙΙ,
505 3251 605 3306 eadam
623 3250 674 3304 illa
693 3266 765 3319 quae
784 3249 879 3302 omnia
897 3219 998 3304 uteru.

54 3328 68 3374 7
89 3321 162 3375 nihil
180 3321 273 3390 ipsum
291 3323 396 3388 Liuia,
415 3292 517 3377 Bactr.
590 3329 605 3375 9
624 3337 681 3374 ιιοιι
699 3321 780 3389 quasi
798 3338 854 3374 non
873 3321 975 3375 Bachr.
1034 3327 1066 3375 11

54 3392 189 3447 sermonis
199 3393 301 3447 Buebr.
322 3394 364 3460 Of.
379 3411 419 3462 ep.
429 3394 623 3460 Iuraret,
643 3394 709 3448 Ver
720 3409 761 3446 ea.
816 3398 848 3444 21
865 3408 949 3461 super
961 3392 1067 3461 priores

53 3465 140 3532 princ.
156 3465 257 3518 Baebr.
336 3469 370 3516 28
394 3464 465 3518 haut
482 3465 564 3518 tanta
582 3465 692 3530 Baetr,
711 3465 791 3532 impr.
811 3463 916 3517 Barea
932 3468 992 3530 166,
1011 3480 1067 3517 non

54 3537 202 3590 videantur
216 3535 316 3590 Nocet
334 3537 437 3591 Ztectr.
452 3538 472 3604 f.
488 3537 514 3590 d.
529 3543 591 3591 cest.
608 3535 641 3590 G.
651 3540 730 3590 1891.
746 3539 823 3601 1068,
842 3534 895 3589 alii
912 3535 979 3593 azia.
