2458 3940
142 116 209 182 362
584 112 612 169 0·
631 112 731 166 PHNI

143 279 267 344 tiorum
295 278 376 342 bene
403 299 441 342 ac
466 277 604 341 feliciter
631 275 772 341 eveniret
799 275 903 358 nobis,
930 274 1176 358 reipublicae,

143 368 214 450 tibi,
231 387 339 432 nonne
357 367 421 432 tale
440 372 497 450 est,
516 371 553 430 ut
571 387 631 430 nos
649 365 736 429 hunc
755 365 898 429 ordinem
916 365 1076 428 votorum
1099 386 1174 430 con-

144 459 267 521 vertere
296 455 466 521 debeamus
495 456 635 538 deosque
664 454 839 536 obsecrare,
870 457 907 518 ut
934 453 1055 536 omnia,
1088 475 1173 536 quae

144 546 233 627 facis,
257 566 402 629 quaeque
419 545 527 628 facies,
545 566 697 628 prospere
716 543 830 608 cedant
848 542 919 625 tibi,
937 542 983 606 rei
1001 541 1172 624 publicae,

144 635 249 716 nobis,
271 636 332 716 vel,
355 635 382 699 si
406 634 534 698 brevius
553 634 596 698 sit
618 632 804 716 optandum,
821 636 860 696 ut
877 631 934 695 uni
951 631 1022 714 tibi,
1040 631 1085 694 in
1106 652 1171 714 quo
1193 657 1199 695 1

108 724 178 812 aet
200 744 250 787 res
274 722 403 806 publica
421 726 454 788 61
472 745 531 787 nos
550 723 682 786 sumus?
717 720 793 785 Fuit
811 725 948 804 tempus,
966 740 1004 783 ac
1021 720 1170 784 nimium

145 813 201 876 diu
222 811 295 894 fuit,
318 834 381 894 quo
405 812 468 877 alia
491 812 632 896 adversa,
655 811 717 874 alia
736 808 874 875 secunda
892 809 1031 894 principi
1056 813 1093 873 et
1112 831 1171 872 no
1209 795 1210 874 1

145 901 210 986 bis3
236 923 322 965 nunc
349 901 533 966 eommunia
561 900 623 965 tibi
652 899 821 964 nobiscum
850 903 919 963 tam
946 899 1031 962 laeta
1065 919 1169 980 quam

145 991 260 1074 tristia,
283 1011 343 1054 nec
364 991 468 1075 magis
488 991 684 1075 6111616666
703 1011 771 1052 6666
788 988 899 1052 felices
918 1009 1015 1070 quam
1033 989 1076 1050 tu
1096 988 1170 1051 sine

109 1098 126 1147 s
145 1080 240 1144 nobis
262 1082 363 1162 potes.
399 1077 461 1162 An,
484 1080 512 1142 si
535 1075 712 1162 possesio
729 1077 793 1142 fine
811 1081 961 1142 votorum
980 1076 1170 1159 adiecisaes,
1182 1104 1199 1142 6

144 1173 182 1233 ut
204 1170 250 1233 ita
272 1168 421 1251 precibus
444 1169 509 1232 11116
532 1168 566 1232 di
588 1171 773 1251 annuerent,
792 1167 820 1232 si
838 1165 992 1230 iudicium
1010 1168 1169 1229 nostrum

145 1258 260 1321 mereri
289 1256 544 1340 perseverasses?
587 1255 678 1321 Adeo
705 1255 789 1320 nihil
814 1255 876 1320 tibi
903 1275 1011 1319 amore
1039 1254 1168 1318 civium
1209 1327 1210 1332 ἵ

144 1348 317 1429 antiquius,
340 1350 377 1409 ut
400 1351 474 1410 ante
496 1369 515 1410 6
537 1346 641 1428 nobis,
664 1344 778 1409 deinde
801 1367 819 1408 a
846 1345 895 1408 dis
920 1347 1017 1427 atque
1044 1342 1096 1406 ita
1126 1344 1168 1408 ab
1209 1347 1210 1438 ]

108 1437 211 1503 4illis
234 1435 333 1499 amari
357 1436 445 1517 velis,
469 1434 496 1498 si
519 1435 654 1499 anobis
677 1435 802 1498 ameris.
838 1433 884 1497 Et
911 1454 985 1496 sane
1013 1433 1167 1515 priorum
1209 1447 1210 1516 1

145 1524 328 1608 principum
352 1525 456 1588 exitus
480 1523 589 1588 docuit
616 1545 656 1588 ne
680 1545 698 1586 a
726 1523 775 1586 dis
803 1522 933 1606 quidem
961 1522 1072 1604 amari,
1102 1517 1210 1587 1116161

146 1635 227 1696 quos
245 1613 392 1676 homines
411 1616 527 1676 ament.
551 1611 697 1676 Arduum
716 1616 784 1676 erat
796 1611 855 1675 has
874 1610 1077 1694 precationes
1092 1615 1166 1674 tuas
1209 1589 1210 1642 l

109 1701 295 1769 claudibus
319 1702 509 1784 adaequare3
533 1701 780 1784 coaequavimus
803 1703 920 1764 tamen.
957 1699 1019 1776 Qui
1041 1701 1165 1764 amoris

146 1791 249 1873 ardor,
273 1791 328 1873 qui
350 1790 482 1872 stimuli,
501 1810 581 1872 quae
599 1789 684 1854 faces
708 1791 780 1854 illas
799 1789 892 1853 nobis
911 1788 1166 1854 exclamationes
1209 1831 1210 1850 1

146 1878 362 1942 subiecerunt!
395 1876 472 1942 Non
493 1879 606 1963 nostri,
630 1876 752 1962 Caesar,
775 1878 907 1964 ingenii,
930 1878 986 1941 sed
1005 1881 1084 1942 tuae
1104 1879 1166 1942 vir-

145 1969 225 2032 tutis
247 1972 442 2051 tuorumque
464 1969 653 2033 meritorum
678 1988 771 2032 voces
793 1966 934 2050 fuerunt,
962 1987 1042 2049 quas
1073 1968 1210 2033 nullan}

145 2080 299 2141 umquam
322 2056 463 2121 adulatio
487 2057 619 2141 invenit,
641 2057 751 2120 nullus
771 2056 960 2138 cuiusquam
983 2059 1091 2120 terror
1114 2079 1165 2122 61-

109 2166 127 2214 6
146 2148 270 2231 pressit.
305 2143 406 2222 Quem
425 2147 471 2210 sio
485 2147 662 2229 timuimus,
680 2149 717 2210 111
734 2145 814 2210 haec
827 2146 1047 2230 fingeremus?
1067 2167 1165 2229 quem
1209 2185 1210 2214 l

147 2236 193 2299 sic
216 2235 402 2320 amavimus,
424 2239 462 2299 ut
484 2234 563 2300 haec
585 2234 780 2299 fateremur?
817 2233 915 2298 Nosti
936 2233 1165 2298 necessitatem

147 2325 324 2409 servitutis,
355 2324 519 2408 ecquando
550 2325 655 2388 simile
685 2322 807 2408 aliquid
837 2322 964 2406 audisti,
995 2324 1163 2405 ecquando

111 2433 127 2481 1
147 2413 278 2477 dixisti?
306 2412 410 2477 Multa
429 2413 558 2496 quidem
577 2413 740 2498 excogitat
758 2415 871 2496 metus,
890 2412 945 2476 sed
964 2433 1046 2494 quae
1066 2434 1164 2495 appa
1176 2419 1210 2476 ss}

145 2505 237 2566 reant
256 2504 400 2586 quaesita
419 2502 458 2565 ab
478 2501 597 2566 invitis.
633 2501 735 2566 Aliud
753 2500 989 2583 sollicitudinis,
1007 2501 1100 2564 aliud
1119 2522 1162 2564 se

147 2592 293 2656 curitatis
311 2591 477 2678 ingenium
501 2594 563 2675 est;
586 2591 649 2656 alia
669 2591 812 2656 tristium
831 2590 983 2673 inventi0,
1002 2589 1068 2654 alia
1087 2612 1162 2675 gau-

147 2679 305 2765 dentium3
332 2684 481 2744 neutrum
510 2681 730 2744 simulationes
759 2679 980 2763 expresserint.
1030 2676 1163 2743 Habent

95 2815 97 2830 ,
147 2791 205 2833 sua
227 2770 324 2834 verba
344 2770 461 2852 miseri,
484 2791 542 2834 sua
563 2769 660 2834 verba
681 2769 800 2849 felices,
819 2772 919 2850 utque
937 2768 1001 2831 iam
1020 2769 1163 2832 maxime

94 2859 257 2926 7366116111
276 2858 316 2922 ab
334 2859 479 2942 utrisque
499 2857 653 2940 dicantur,
672 2857 765 2922 aliter
783 2857 941 2922 dicuntur.
967 2854 1074 2919 Testis
1094 2858 1210 2939 ipson

147 2970 190 3030 es,
209 2948 342 3031 quaein
362 2949 506 3011 omnium
526 2969 579 3011 ore
597 2946 728 3011 laetitia.
751 2945 829 3010 Non
847 2945 983 3009 amictus
1002 2944 1162 3027 cuiquam,
1209 2987 1210 3022 ,

147 3059 213 3101 non
242 3037 382 3119 habitus,
410 3059 505 3120 quem
534 3037 630 3100 modo
658 3037 824 3100 extulerat.
864 3033 943 3098 111116
970 3033 1162 3098 resultantia
1209 3067 1210 3078 ,

147 3126 281 3190 vocibus
301 3129 396 3210 tecta,
414 3125 559 3208 nihilque
576 3125 676 3190 tantis
696 3123 890 3189 clamoribus
910 3123 987 3188 satis
1006 3121 1160 3187 clausum.

220 3287 235 3332 3
262 3282 384 3350 deosque
402 3282 507 3347 Licin,
526 3283 630 3336 Beertb.
647 3286 750 3349 176311,
771 3297 818 3334 eos
838 3299 862 3336 6.
881 3281 949 3335 (1666
968 3279 1091 3348 denique
1112 3281 1160 3348 (sic

148 3351 225 3416 KJ)
245 3368 269 3403 6.
289 3353 455 3418 eosdemque
474 3353 559 3418 codd,
584 3354 706 3419 deosque
729 3351 810 3406 enixe
829 3353 930 3408 Boetr.
1021 3357 1055 3404 29
1080 3351 1160 3419 atqui

147 3419 207 3470 iam
220 3421 469 3474 mam-dicuntur
482 3423 533 3476 del.
548 3423 631 3476 aliter
645 3421 777 3476 dicuntur
791 3424 891 3478 Baelo.
965 3428 997 3475 s1
1018 3438 1057 3476 ca.
1082 3422 1158 3487 Quae

148 3488 179 3540 in
199 3503 270 3539 omn.
291 3505 321 3540 o.·
333 3489 457 3544 laetitia!
488 3495 568 3546 Mod.
588 3494 794 3549 adu111221.
