2442 3940
359 172 617 228 EPISTULARUM
634 174 783 242 1110‚11.
965 199 966 204 ¹
1034 175 1077 240 39

63 337 154 401 sione
177 336 299 401 iudicas
322 336 424 420 pet't.
469 335 541 422 Ego
569 341 601 402 et
625 335 790 403 Cornelius
814 337 943 404 Tacitus
968 338 1077 404 adesse

62 424 316 508 provincialibus
343 426 422 490 iussi
455 426 708 492 existimavimus
735 428 811 492 fidei
842 432 971 493 nostrae
1004 450 1078 494 con-

61 515 172 579 venire
196 518 308 579 notum
336 515 462 579 senatui
484 515 588 580 facere
614 517 785 581 excessisse
808 515 954 582 Priscum
977 517 1078 582 imna-

61 605 165 668 nitate
191 606 222 668 et
245 603 378 668 saevitia
397 605 540 688 crimina,
560 605 677 689 quibus
701 605 769 669 dari
792 605 913 671 iudices
937 611 1078 690 possent,

36 713 136 757 scum
161 691 203 757 ob
225 692 410 757 innocentes
429 693 696 777 condemnandos,
719 694 956 760 interficiendos
980 697 1077 760 etiam

62 782 216 865 pecunias
244 782 427 865 accepisset.
472 781 652 866 Respondit
681 781 802 848 Fronto
832 782 941 848 Catius
969 784 1112 868 depre-3

62 875 220 954 cetusque
238 873 295 954 est,
318 871 455 954 nequid
477 873 562 935 ultra
583 872 833 956 repetundarum
855 874 960 959 legem
984 894 1077 957 quae-

46 963 194 1043 reretur,
219 960 388 1044 omniaque
416 960 552 1025 actionis
576 982 651 1026 suae
673 962 745 1026 vela
772 962 821 1025 vir
848 963 1077 1027 movendarum

59 1049 266 1112 lacrimarum
294 1049 507 1132 peritissimus
540 1049 679 1132 quodam
709 1050 798 1115 velut
824 1055 921 1115 vento
948 1052 1077 1115 misera·

24 1164 47 1202 ιο
61 1137 162 1202 tionis
185 1138 329 1220 inplevit.
365 1137 483 1223 Magna
507 1139 680 1222 contentio,
703 1139 813 1224 magni
835 1140 996 1223 utrimque
1016 1141 1113 1205 ela-4

61 1247 168 1290 mores
192 1226 263 1290 aliis
287 1227 505 1313 cognitionem
528 1231 657 1292 senatus
680 1228 752 1313 lega
780 1228 978 1311 conclusam,
1005 1230 1076 1293 aliis

61 1315 199 1380 liberam
221 1316 425 1399 solutamque
444 1315 633 1399 dicentibus,
653 1320 873 1400 quantumque
896 1317 1078 1382 admisisset
1140 1393 1147 1400 ⁶

60 1404 1076 1578 transissemus
1096 1387 1158 1490 ⁵‘¹

2 1549 3 1566 l
789 1545 798 1578 7

25 1609 46 1647 15
62 1581 185 1646 iudices
209 1583 338 1646 interim
362 1583 486 1647 censuit
508 1584 638 1666 dandos,
667 1584 845 1648 evocandos
869 1588 984 1668 autem,
1009 1586 1077 1669 qui-

2 1673 3 1712 l
61 1671 124 1735 bus
159 1671 318 1735 diceretur
349 1672 569 1736 innocentium
602 1693 721 1755 poenas
753 1672 942 1737 vendidisse.
988 1671 1111 1749 Quaec

2 1813 4 1860 ,
60 1761 221 1824 sententia
242 1780 311 1824 non
328 1761 507 1843 praevaluit
527 1762 633 1845 mode,
652 1761 709 1827 sed
726 1763 857 1826 omnino
877 1766 951 1845 post
969 1765 1075 1826 tantas

60 1849 276 1914 dissensiones
305 1848 368 1913 fuit
396 1850 465 1914 sola
491 1850 650 1936 frequens,
678 1850 931 1934 adnotatumque
953 1853 1075 1934 experi-

60 1940 188 2016 mentis,
208 1938 295 2022 quod
313 1938 405 2002 favor
423 1943 455 2002 et
477 1939 695 2006 misericordia
714 1959 801 2004 acres
820 1943 852 2004 et
870 1939 1075 2005 vehementes

25 2028 184 2110 reprimes
212 2028 351 2110 impetus
379 2026 512 2110 habent,
539 2029 695 2111 paulatim
728 2029 863 2093 consilio
892 2031 924 2092 et
951 2030 1075 2093 ratione

61 2117 154 2199 quasi
171 2115 325 2180 restincta
344 2116 522 2180 considunt.
558 2115 652 2181 Unde
671 2118 786 2200 evenit,
804 2121 850 2196 ut,
874 2117 961 2202 quod
979 2119 1075 2182 multi
1094 2135 1109 2183 7

3 2277 4 2286 ἵ
61 2205 201 2269 clamore
224 2205 384 2288 permixto
406 2209 545 2302 tuentur,
569 2227 664 2270 nemo
687 2206 868 2271 tacentibus
892 2208 1005 2271 ceteris
1029 2207 1075 2270 di-

3 2297 4 2312 ³
61 2314 132 2358 cere
154 2293 246 2378 velit3
269 2295 405 2378 patescit
428 2295 528 2378 enim,
551 2315 625 2359 cum
648 2295 804 2378 separaris
828 2318 847 2359 a
869 2295 977 2379 turba,
1001 2317 1075 2360 con-

3 2415 5 2474 ,
61 2383 230 2466 templatio
254 2405 369 2468 rerum,
393 2405 474 2466 quae
496 2384 592 2448 turba
613 2388 775 2470 teguntur.
820 2383 995 2466 Venerunt,
1019 2385 1111 2468 quie

26 2495 48 2534 u
62 2472 172 2536 adesse
195 2476 286 2536 erant
304 2473 392 2555 iussi,
411 2471 563 2536 Vitellius
582 2472 768 2537 Honoratus
787 2477 820 2537 et
841 2471 972 2537 Flavius
991 2471 1074 2535 Mar·
1181 2488 1219 2573 OQ

3 2577 5 2598 ’
62 2561 186 2644 cianus;
210 2582 249 2625 ex
273 2560 389 2645 quibus
412 2560 598 2625 Honoratus
616 2563 768 2627 trecentis
787 2562 918 2626 milibus
942 2551 1176 2663 eriliumoqttm

63 2650 178 2732 equitis
210 2648 350 2713 Romani
382 2653 569 2734 septemque
604 2651 782 2714 amicorum
819 2651 888 2715 eius
924 2646 1132 2750 ultir'ffassmpc

63 2759 207 2823 poenam,
230 2735 412 2804 Marcianus
435 2739 531 2803 unius
555 2741 672 2823 equitis
696 2738 835 2803 Romani
860 2719 1219 2863 septmgentisw‘s

3 2859 5 2910 q
63 2826 192 2891 milibus
215 2829 309 2910 plura
331 2828 490 2911 supplicia
517 2828 711 2914 arguebatur
737 2830 864 2912 emisse3
892 2849 944 2891 era
986 2827 1073 2891 enim

26 2939 50 2978 se
63 2914 200 2980 fustibus
232 2935 350 3000 caesus,
381 2917 550 2982 damnatus
580 2918 615 2981 in
644 2919 824 2999 metallum,
854 2917 1073 3002 strangulatus
1119 2951 1121 2956 ·

4 3037 6 3050 ·
65 3004 96 3066 in
122 3025 254 3069 carcere.
302 3003 365 3069 Sed
392 3005 595 3071 Honoratum
623 3007 802 3092 cognitioni
830 3009 958 3070 senatus
986 3021 1107 3069 morse

65 3098 255 3247 ppportunpt
276 3094 461 3248 ⁸¹¹blrfflxil'·
481 3093 662 3249 Ma5ciappss
690 3095 844 3248 induppus
866 3097 914 3196 est
942 3094 1073 3159 absente

90 3203 178 3246 nece.
297 3205 338 3248 ue
393 3204 502 3249 uocrus
553 3206 598 3248 er1
686 3205 763 3248 cons
800 3205 862 3248 ans
890 3205 958 3247 rure
984 3206 1073 3248 sena-

66 3271 145 3336 torio
175 3205 365 3356 postdlbvit,
395 3277 432 3337 ut
463 3272 592 3338 Priscus
622 3274 739 3338 certior
766 3273 870 3357 fieret,
900 3273 968 3337 sive
997 3273 1074 3356 quia

30 3381 53 3420 a
67 3360 336 3443 miserabiliorem,
359 3362 426 3426 sire
450 3363 525 3445 quia
547 3362 787 3427 invidiosiorem
808 3361 876 3425 fore
899 3361 1073 3426 arbitraba-

67 3450 125 3532 tur,
146 3452 173 3513 si
194 3471 345 3534 praesens
367 3450 491 3534 fuisset,
514 3453 590 3535 sive,
609 3451 695 3535 quod
718 3452 857 3515 maxime
876 3450 979 3532 credo,
998 3451 1074 3531 quia

68 3539 289 3620 aequissimum
309 3543 376 3623 erat
394 3560 563 3605 commune
583 3543 704 3605 crimen
727 3541 767 3606 ab
785 3544 922 3622 utroque
946 3538 1074 3603 defendi
