2480 3942
151 131 217 196 284
469 129 497 186 O.
517 128 614 182 PLINI
632 129 679 183 ΕΤ
698 126 850 182 TRAIANI

151 295 272 368 militas
287 297 390 377 erunt,
402 294 518 378 legatis
538 315 657 375 eorum,
677 292 763 376 quod
782 289 1036 375 deprehenderis,
1054 292 1178 353 notum

151 384 252 448 facies
267 387 331 469 sut,
346 384 373 447 si
387 382 421 446 in
434 383 548 447 urbem
562 403 673 446 uersus
687 382 816 445 uenturi
830 382 933 464 erunt,
943 379 1024 444 mihi
1040 379 1178 443 scribes.

487 527 618 588 nxxrx.
642 522 834 608 [urnam]

353 629 380 677 C.
404 628 542 677 PLINIUS
568 627 720 676 TRAIANO
744 626 970 675 IMPERATORI.

117 731 131 778 1
220 709 356 776 Cautum
380 714 442 794 est,
465 710 609 794 domine,
631 708 786 793 Pompeia
807 709 888 795 lege,
913 729 993 792 quae
1017 706 1177 790 Bithynis
1203 733 1213 772 ι

153 803 226 866 data
249 805 307 885 est,
328 822 369 864 ne
389 801 460 883 quis
480 800 586 882 capiat
600 799 824 884 magistratum
843 819 922 862 neue
942 797 984 861 sit
1002 797 1038 859 in
1058 799 1177 860 senatu

151 891 258 956 minor
284 911 442 954 annorum
470 888 611 974 triginta
662 887 825 952 Eademl
801 907 898 1040 sege
913 885 1175 969 conprehensum

118 983 256 1063 aestu
233 983 280 1065 ιιι,
303 978 359 1062 qui
378 978 521 1061 ceperint
543 976 777 1062 magistratum,
889 977 1069 1040 msanatu.
1121 972 1176 1037 Se-

155 1073 208 1133 cut
209 1091 264 1132 um
297 1071 345 1132 est
331 1067 450 1132 tdein
482 1065 566 1129 edict
552 1070 622 1130 tum
651 1066 717 1130 divi
738 979 895 1150 Augusb,
924 1084 987 1148 quo
1021 1063 1176 1147 permisit

152 1158 293 1223 minores
309 1157 534 1241 magistratum
552 1155 591 1219 ab
612 1155 703 1220 annis
718 1154 843 1219 duobus
862 1157 895 1218 et
912 1153 1030 1238 uiginti
1049 1173 1176 1302 capere.
1190 1179 1212 1217 ιι

118 1245 325 1323 eQuaeritur
348 1267 433 1331 ergo,
457 1267 507 1328 an,
531 1244 587 1327 qui
609 1245 715 1308 minor
738 1244 872 1344 triginta
895 1263 1052 1306 annorum
1073 1242 1176 1326 gessit

153 1335 272 1438 magist
258 1337 389 1417 tratum,
406 1334 515 1436 'possit
501 1333 830 1397 tacenscribusin
853 1335 999 1396 senatum
1022 1331 1102 1416 legi,
1134 1321 1228 1411 et,

154 1426 182 1490 si
199 1427 315 1509 potest,
339 1445 380 1486 an
403 1424 427 1486 ii
450 1443 587 1574 quoque,
610 1422 666 1505 qui
689 1443 756 1486 non
779 1421 945 1506 gesserint,
967 1420 1095 1504 possint
1117 1440 1176 1502 per

154 1514 287 1578 candem
315 1512 504 1613 interpretat
471 1512 611 1575 aionem
640 1511 680 1575 ab
709 1533 745 1575 ea
774 1513 844 1574 aeta
826 1513 877 1574 ate
905 1512 1068 1575 senatores
1098 1509 1176 1592 legi,
1227 1555 1228 1560 ι

154 1623 261 1684 aqua
288 1601 352 1664 iJns
374 1602 601 1685 magistratum
633 1621 742 1685 gerere
769 1600 963 1682 permissum
990 1601 1052 1680 est3
1086 1596 1175 1680 quod
1190 1623 1209 1662 a

155 1691 371 1791 alioquit
305 1690 432 1753 factitat
384 1693 489 1753 taum
520 1687 684 1752 adhuct
652 1691 684 1752 et
708 1709 775 1753 esse
802 1688 1017 1752 necessarium
1046 1686 1176 1767 dicitur,

155 1780 231 1862 quia
254 1779 296 1843 sit
319 1779 483 1861 aliquanto
449 1777 618 1841 tmelius
636 1777 754 1841 honest
739 1779 846 1840 torum
865 1777 1033 1841 hominum
1051 1775 1175 1839 liberos

119 1886 253 1952 squam
281 1889 298 1931 e
327 1867 462 1952 plebe
454 1889 488 1930 m
518 1867 639 1930 curiam
671 1866 806 1930 admitti.
852 1865 924 1950 Ego
957 1887 976 1929 a
1006 1864 1175 1928 destinatis
1227 1869 1228 1954 ι

156 1956 358 2040 censoribus,
388 1955 465 2039 quid
498 1956 662 2038 sentirem,
699 1955 916 2038 interrogatus
947 1975 1001 2018 eos
1034 1953 1175 2036 quidem,

157 2048 214 2131 qui
235 2047 375 2110 minores
398 2045 533 2146 triginta
556 2045 648 2108 annis
667 2045 840 2129 gessissent
858 2043 1093 2126 magistratum,
1116 2065 1175 2124 pu·
1188 2069 1210 2108 ιι

157 2136 265 2200 tabam
284 2156 378 2220 posse
402 2135 436 2197 in
460 2136 606 2198 senatum
630 2135 662 2196 et
680 2132 856 2197 secundum
875 2131 959 2195 edict
945 2134 1014 2194 tum
1032 2129 1175 2214 Augusti

158 2159 387 2289 etsecuiidum
411 2225 516 2308 legem
530 2220 719 2305 Pompeiam
741 2222 815 2322 legi,
839 2221 991 2303 quoniam
1005 2217 1174 2304 Augustus

158 2335 267 2400 gerere
281 2314 488 2398 magistratus
508 2310 686 2375 minoribus
706 2311 797 2374 annis
815 2310 950 2395 triginta
967 2309 1173 2392 permisisset,

157 2404 211 2467 lex
226 2405 405 2466 senatorem
420 2421 489 2464 esse
503 2402 658 2465 uoluisset
658 2401 747 2483 ,qui
754 2400 928 2552 tgessisset
940 2398 1172 2482 magistratum.

122 2490 249 2556 oDe
228 2512 268 2554 ns
292 2494 408 2572 autem,
432 2489 489 2572 qui
510 2510 577 2552 non
595 2489 777 2574 gessissent,
801 2488 947 2572 quamvis
967 2490 1072 2551 essent
1090 2490 1172 2550 acta·
1185 2511 1208 2552 a

158 2581 200 2645 tis
223 2580 366 2644 eiusdem
397 2579 487 2642 cuius
517 2578 579 2660 illi,
611 2577 728 2661 quibus
757 2599 867 2662 gerere
895 2576 1087 2660 permissum
1116 2580 1171 2658 est,

158 2668 370 2751 haesitabam3
393 2689 450 2751 per
474 2667 561 2750 quod
580 2665 729 2730 effectum
748 2669 807 2750 est,
829 2669 866 2729 ut
884 2669 927 2750 te,
945 2665 1082 2747 domine,
1100 2684 1172 2728 con-

160 2758 306 2840 sulerem,
329 2756 406 2841 quid
431 2756 594 2820 observari
616 2756 723 2819 uelles.
766 2752 880 2839 Capita
902 2755 994 2840 legis,
1016 2757 1087 2818 tum
1110 2753 1172 2816 edi-

159 2850 247 2911 ctum
270 2843 411 2930 Augusti
433 2845 550 2909 litteris
574 2844 703 2908 subieci.

502 2973 617 3031 cxxx.
642 2967 832 3052 [cxxxiv]
1185 2995 1208 3033 a

507 3073 679 3122 TRAIANUS
703 3074 832 3121 PLINIO.

225 3155 487 3240 Interpretationi
519 3159 611 3238 tuae,
652 3155 698 3219 mi
731 3153 875 3219 Secunde
908 3153 1070 3218 carissime
1227 3163 1228 3170 ’

159 3250 197 3308 ut
215 3246 363 3309 existimo
383 3245 538 3308 hactenus
560 3244 664 3308 edicto
685 3244 751 3309 diri
769 3242 910 3330 Augusti
932 3246 1083 3311 novatam
1101 3264 1169 3307 esse
1227 3205 1228 3284 A

234 3388 248 3435 1
272 3383 347 3450 quod
366 3383 508 3449 Rittcrsb,
523 3382 614 3450 K.II,
633 3399 706 3451 quac
721 3383 757 3450 A,
772 3383 841 3437 K.1.
934 3387 968 3436 10
991 3381 1027 3434 ab
1047 3381 1126 3435 annis
1145 3381 1168 3438 V

161 3453 297 3520 Nipperd.
314 3453 368 3506 ‘dic
383 3455 450 3522 tepea
463 3453 542 3507 aaa!
553 3458 672 3521 p.15ra.,
686 3455 749 3508 item
763 3455 884 3521 infn80.
941 3458 974 3506 12
989 3453 1169 3522 magistratus

161 3522 285 3588 A,K.1.
358 3527 390 3574 33
409 3524 442 3576 ut
460 3540 510 3578 om.
529 3524 598 3577 KJ.
