2482 3942
352 132 693 205 arrarumeuuvrn
712 157 823 207 12—14.
1029 152 1093 216 207

82 313 216 378 auribus
242 313 349 396 modo,
375 335 487 378 verum
515 314 611 378 etiam
644 315 745 380 oculis
779 315 981 398 disceremus,
1014 337 1094 399 quae

81 401 229 466 facienda
250 423 327 466 mox
350 403 413 486 ipsi
435 423 472 466 ac
494 404 660 487 pervices
684 403 838 487 quasdam
861 401 1014 468 badenda
1036 406 1095 468 mi·

81 490 216 555 neribus
238 489 437 556 haberemus
473 489 552 556 Inde
575 492 806 558 adulescentuli
824 493 934 558 statim
957 497 1094 558 castren-
1130 509 1147 558 5

81 579 174 644 sibus
205 579 373 664 stipendiis
408 580 649 664 imbuebantur,
679 584 717 645 ut
752 583 908 666 imperare
944 581 1094 667 parendo,

55 669 182 733 educes
203 689 307 770 agere,
330 669 406 733 dum
425 673 585 753 secuntur,
608 671 840 755 adsuescerent,
861 670 936 735 inde
956 671 1093 735 honores

79 757 217 842 petituri
243 757 440 822 adsistebant
426 760 573 823 tcuriae
599 759 724 823 foribus
757 764 790 824 et
817 760 943 824 consilii
972 759 1094 861 publici

80 850 278 931 spectatores
305 849 378 912 ante
407 869 503 930 quam
531 851 695 912 consortes
718 852 815 912 erant.
794 847 950 914 tSuus
979 849 1094 932 cuique
1131 865 1146 913 6

79 957 198 1020 parens
220 957 279 1036 pro
302 937 458 1021 magistro
485 941 550 1019 aut,
577 939 631 1000 cui
655 959 771 1021 parens
797 959 870 1002 non
890 942 970 1020 erat,
994 938 1095 1002 maxi-

79 1046 155 1089 mus
178 1025 314 1108 quisque
337 1028 371 1089 et
391 986 630 1090 vetustissimus
656 1047 716 1109 pro
742 1030 885 1110 puato.
928 1024 1018 1101 Quae
1037 1047 1094 1110 pe

37 1139 67 1178 ro
81 1117 184 1178 testas
214 1113 438 1198 referentibus,
476 1114 564 1198 qnod
592 1114 844 1180 amabas
831 1137 894 1199 rus,
927 1136 1008 1199 quae
1044 1115 1093 1179 vis

78 1202 1093 1376 tffibttsell'ttllsslltl‘attitulat}

80 1399 170 1464 qma
194 1379 357 1448 distinctio
383 1382 597 1466 pugnantium
628 1382 869 1465 sententiarum,
897 1404 978 1465 quae
1006 1402 1093 1445 exse

80 1469 170 1533 cutio
206 1469 367 1553 prioribus
404 1469 526 1553 aliquid
560 1469 758 1554 addentium,
791 1493 919 1535 omnem
956 1470 1093 1552 denique

38 1583 65 1622 rs
80 1558 280 1622 senatorium
296 1579 429 1641 morem,
443 1557 530 1641 quod
547 1558 739 1622 fidissimum
752 1559 968 1644 praecipiendi
982 1580 1093 1643 genus,

79 1647 236 1730 exemplis
260 1647 463 1711 docebantur.
508 1645 554 1710 At
575 1669 635 1711 nos
658 1648 789 1713 iuuenes
813 1649 934 1713 fuimus
963 1648 1092 1732 quidem
1130 1665 1144 1712 7

79 1736 116 1799 in
138 1735 261 1815 castris,
288 1735 343 1800 sed
366 1755 438 1799 cum
462 1739 610 1820 suspecte
636 1737 748 1820 virtus,
775 1737 890 1801 inertia
917 1739 952 1801 in
978 1738 1092 1822 pretio,

79 1846 155 1889 cum
170 1824 305 1889 ducibus
319 1825 494 1889 auctoritas
506 1825 604 1908 nulla,
617 1825 706 1890 nulla
720 1826 877 1891 militibus
892 1827 1092 1909 verecundia,

78 1933 241 1996 nusquam
258 1914 439 1997 imperinm,
456 1933 614 1996 nusquam
634 1914 833 1998 obsequium,
852 1916 959 1979 omnia
977 1916 1092 1998 solute,

37 2029 64 2067 so
78 2002 212 2068 turbate
243 2007 341 2086 atque
371 2002 469 2066 etiam
500 2003 536 2065 in
567 2003 762 2068 contrarium
796 2025 896 2086 verse,
927 2007 1090 2087 postremo

79 2091 300 2156 obliviscenda
322 2091 425 2177 magis
449 2113 545 2174 quam
568 2092 713 2156 tenenda.
748 2090 849 2156 Iidem
868 2093 1090 2176 prospeximus
1127 2107 1144 2155 8

78 2179 212 2263 curiam,
235 2180 291 2244 sed
314 2180 435 2245 curiam
458 2180 615 2264 trepidam
639 2185 671 2244 et
690 2182 860 2266 elinguem,
881 2201 954 2244 cum
978 2180 1091 2262 dicere,

78 2268 170 2353 quod
191 2270 299 2352 velles,
320 2269 547 2352 periculosum,
573 2269 659 2351 quod
686 2271 798 2354 nolles,
823 2271 975 2334 miserum
999 2274 1089 2334 esset.

77 2357 165 2434 Quid
190 2362 270 2422 tunc
296 2357 375 2422 disci
401 2357 518 2441 potuit,
546 2358 623 2441 quid
651 2358 798 2424 didicisse
825 2360 916 2442 iuvit,
943 2379 1015 2422 cum
1044 2380 1091 2422 se-

36 2473 62 2514 ss
76 2451 176 2512 natus
202 2450 260 2511 aut
287 2447 327 2511 ad
355 2448 457 2511 otium
486 2467 647 2511 summum
675 2450 731 2511 aut
753 2448 794 2511 ad
817 2469 978 2512 summum
999 2447 1089 2510 nefas

75 2539 249 2600 vocaretur
284 2540 316 2600 et
352 2536 449 2600 modo
485 2535 638 2619 ludibrio,
674 2536 771 2600 modo
808 2537 912 2600 dolori
946 2538 1089 2600 retentus

75 2647 256 2708 numquam
285 2625 375 2707 seria,
402 2625 508 2690 tristia
535 2645 628 2708 saepe
654 2626 817 2690 censeret?
861 2625 983 2690 Eadem
1005 2625 1090 2687 mala
1126 2639 1142 2687 e

76 2716 144 2778 iam
168 2718 339 2796 senatores,
362 2715 426 2778 iam
449 2712 620 2797 participes
642 2714 801 2778 malorum
823 2715 943 2778 multos
961 2735 1018 2797 per
1036 2735 1089 2776 an·

74 2824 139 2868 nos
174 2802 315 2867 vidimus
350 2802 561 2886 tulimusque,
598 2803 715 2886 quibus
751 2804 879 2888 ingenia
914 2807 1025 2867 nostra
1055 2803 1089 2865 in

36 2920 61 2958 so
74 2895 244 2977 posterum
263 2913 391 2974 qnoque
410 2890 570 2974 hebetata,
587 2891 696 2975 fracta,
716 2895 850 2956 contusa
867 2895 950 2956 sunt.
986 2890 1089 2955 Breve
1109 2905 1143 2954 10

75 2986 208 3065 tempus
231 2977 321 3066 (nam
334 2983 435 3044 ‘tanto
458 2979 587 3045 brevius
611 3001 704 3044 omne
728 2985 848 3064 quanto
866 2980 991 3045 felicius
1010 2983 1088 3044 tem-

74 3066 167 3155 pus),
189 3091 254 3153 quo
275 3069 357 3134 libet
379 3069 468 3153 scire,
492 3068 568 3152 quid
592 3070 700 3153 simus,
722 3071 803 3134 libet
825 3091 978 3154 exercere,
1002 3067 1089 3152 quod

75 3160 207 3224 scimus.
253 3157 323 3234 Quo
347 3159 463 3223 iustius
490 3162 582 3241 peto,
601 3158 742 3242 primum
769 3162 806 3222 ut
831 3159 944 3242 errori,
966 3157 993 3222 si
1016 3158 1088 3241 quis

75 3253 128 3312 est
151 3269 248 3331 error,
270 3247 395 3312 tribuas
413 3247 549 3330 veniam,
567 3247 681 3311 deinde
698 3246 853 3312 medearis
872 3247 1006 3312 scientia
1023 3251 1088 3329 tua,

151 3462 184 3511 15
212 3456 364 3512 fidelissim.
389 3475 420 3524 a,
443 3458 519 3524 K.1;
542 3474 565 3512 u.
585 3458 623 3511 K.
647 3457 717 3527 disp.
731 3457 817 3512 1117.
925 3462 959 3511 33
985 3457 1087 3511 scimus

74 3529 236 3597 Reifferreb.
255 3545 323 3584 cuce.
342 3529 430 3585 Rbcc.
446 3533 523 3584 1860.
539 3532 600 3596 636,
618 3528 705 3594 KH,
725 3543 819 3583 sumus
837 3529 909 3600 culp.
