2468 3938
362 175 621 230 EPISTULARUM
642 176 813 231 11112-15.
1055 177 1096 241 75

82 340 142 402 bus
167 339 288 421 alioqui
312 339 461 403 dominus
485 344 517 403 et
540 361 662 424 saevus,
685 341 792 423 etqui
816 342 950 405 servisse
972 344 1096 424 patrem

80 449 176 492 suum
205 449 333 511 parum,
361 428 461 493 immo
493 429 630 492 nimium
662 431 869 494 meminisset.
914 428 1131 494 Lavabatura

10 511 13 536 '
80 518 114 580 in
137 516 217 580 villa
239 514 419 582 Formiana.
457 516 601 600 Repente
629 540 702 581 eum
732 519 815 582 servi
841 519 1096 601 circumsistunt3

79 605 163 669 alius
186 605 294 670 fauces
317 607 449 689 invadit,
473 608 555 670 alius
580 628 615 670 os
639 606 794 690 verberat,
818 609 903 672 alius
926 611 1038 690 pectus
1065 611 1097 671 et

56 698 226 758 sventrem
250 698 346 778 atque
365 695 471 778 etiam,
491 695 622 759 foedum
641 696 739 779 dictu,
757 696 895 761 verenda
914 697 1096 779 contundit3

79 788 124 866 et,
153 805 228 847 cum
257 785 436 848 exanimem
467 788 631 868 putarent,
659 785 804 849 abiciunt
832 786 867 849 in
893 786 1020 850 fervens
1043 808 1097 868 pa-

78 874 269 955 vimentum,
291 877 329 935 ut
352 873 580 956 experirentur,
604 896 645 936 an
671 875 801 938 vireret.
838 872 907 957 Ille,
931 873 997 938 sive
1022 875 1097 957 quia

77 983 145 1024 non
170 961 337 1044 sentiebat,
361 963 429 1026 sive
452 964 528 1045 quia
550 983 586 1026 se
608 984 675 1026 non
699 964 817 1026 sentire
836 964 1020 1045 simulabat,
1038 965 1096 1026 im-

78 1049 211 1115 mobilis
242 1053 275 1113 et
304 1054 453 1115 extentus
483 1051 580 1114 fidem
612 1055 760 1134 peractae
792 1053 907 1116 mortis
940 1053 1096 1135 implevit.

44 1164 65 1201 n
79 1139 163 1202 Tum
191 1139 321 1202 demum
349 1141 440 1222 quasi
471 1144 562 1204 aestu
594 1141 718 1204 solutus
751 1139 897 1224 effertur,
929 1142 1131 1224 excipiunt3

79 1228 165 1292 servi
197 1227 366 1311 fideliores,
399 1229 597 1293 concubinae
630 1251 702 1293 curn
735 1230 862 1293 ululatu
892 1232 924 1292 et
958 1231 1097 1294 clamore

79 1320 284 1380 concmrimt.
326 1314 376 1380 Ita
400 1318 589 1382 atrocibus
613 1319 771 1382 excitatus
795 1322 828 1381 εὴ
850 1322 1011 1382 recreatus
1032 1319 1096 1382 loci

78 1405 201 1491 frigore
225 1406 361 1469 sublatis
385 1407 488 1471 oculis
512 1408 701 1491 agitatoque
720 1428 853 1490 corpore
872 1408 979 1471 vivere
998 1428 1031 1472 se
1051 1404 1097 1492 (et

10 1545 11 1558 ,
79 1496 144 1558 iam
168 1497 276 1558 tutum
300 1493 381 1581 erat)
405 1496 586 1560 confitetur.
623 1494 809 1580 Diffugiunt
833 1497 931 1578 servi3
959 1510 1133 1579 quorums

42 1608 64 1646 15
78 1605 198 1668 magna
212 1605 294 1666 ‘pars
318 1583 536 1667 conprehensa
559 1588 621 1667 est,
649 1585 746 1648 ceteri
768 1585 984 1667 requiruntur.
1021 1583 1094 1668 Ipse

10 1681 14 1734 l
76 1673 189 1755 paucis
214 1672 325 1736 diebus
349 1695 442 1758 aegre
464 1673 615 1737 focilatus
639 1695 705 1738 non
728 1675 796 1736 sine
819 1672 954 1738 ultionis
973 1675 1093 1738 solacio

77 1761 218 1825 decessit
240 1761 286 1824 ita
308 1762 400 1826 virus
424 1762 618 1845 vindicatus,
645 1767 683 1826 ut
710 1763 808 1826 occisi
834 1764 948 1827 solent.
985 1762 1094 1844 Vides,
1116 1776 1130 1823 5

77 1854 160 1933 quot
182 1851 342 1933 periculis,
366 1855 445 1933 quot
473 1851 686 1934 contumeliis,
714 1854 793 1933 quot
820 1852 969 1915 ludibriis
994 1853 1094 1916 simus

77 1939 227 2021 obnoxii,
250 1961 309 2003 nec
332 1943 393 2022 est,
416 1941 503 2022 quod
531 1941 700 2023 quisquam
728 1941 832 2023 possit
860 1961 928 2004 esse
955 1962 1095 2022 securus,

10 2021 11 2038 ¹
41 2052 64 2090 ro
78 2029 156 2110 quia
184 2029 227 2090 sit
254 2029 408 2091 remissus
438 2033 469 2092 et
492 2030 593 2112 mitis3
616 2026 682 2092 non
711 2029 796 2092 enim
819 2029 937 2093 iudicio
962 2029 1095 2111 domini,

78 2117 134 2180 sed
160 2117 278 2181 scelere
301 2117 510 2200 perimuntur.
548 2117 670 2182 Verum
693 2118 772 2182 haec
795 2117 960 2181 hactenus.

146 2203 232 2281 Quid
254 2209 417 2289 praeterea
439 2207 540 2271 novi?
563 2206 662 2290 quid?
690 2205 786 2289 nihil,
814 2207 936 2289 alioqui
964 2207 1096 2270 subiun-
1117 2220 1132 2267 6

10 2295 11 2304 ’
77 2317 204 2380 geram,
226 2316 302 2358 nam
325 2298 357 2358 et
381 2295 490 2359 charta
512 2295 618 2360 adhuc
641 2299 794 2379 superest,
819 2299 851 2358 et
873 2295 941 2359 dies
960 2296 1095 2360 feriatus

10 2401 11 2430 ¹
76 2384 204 2467 patitur
225 2385 318 2466 plura
341 2386 478 2448 contexi.
514 2383 651 2466 Addam,
671 2384 757 2466 quod
776 2388 956 2467 opportune
980 2385 1019 2447 de
1043 2405 1094 2447 eo-

10 2431 12 2510 l
40 2496 63 2534 ss
77 2472 153 2536 dem
175 2471 350 2536 Macedone
374 2475 537 2538 succurrit.
575 2472 655 2537 Cum
684 2474 719 2536 in
745 2473 876 2556 publico
900 2473 1022 2536 Romae
1053 2474 1097 2536 la-

78 2563 218 2643 varetur,
232 2562 385 2625 notabilis
400 2566 497 2645 atque
516 2563 622 2644 etiam,
637 2564 673 2624 ut
690 2563 795 2625 exitus
815 2563 933 2643 docuit,
949 2563 1094 2626 ominosa

78 2672 129 2714 res
150 2650 275 2713 accidit.
307 2649 416 2732 Eques
434 2650 600 2714 Romanus
620 2673 639 2713 a
657 2671 748 2714 servo
768 2651 845 2734 eius,
865 2654 902 2714 ut
925 2650 1097 2714 transitum
1118 2662 1132 2709 7

79 2740 180 2822 daret,
203 2761 301 2802 manu
319 2740 433 2803 leviter
452 2740 634 2803 admonitus
655 2740 813 2803 convertit
832 2761 865 2804 se
883 2760 944 2802 nec
962 2760 1098 2822 servum,

79 2851 98 2891 a
123 2849 188 2910 quo
212 2832 281 2891 erat
304 2831 418 2911 tactus,
438 2828 493 2892 sed
515 2829 622 2912 ipsum
640 2827 848 2892 Macedonem
871 2831 939 2891 tam
958 2828 1099 2912 graviter

41 2917 190 3000 apalma
216 2918 387 3000 percussit,
420 2921 457 2980 ut
487 2940 589 3000 paene
619 2916 809 2981 concideret.
855 2914 905 2980 Ita
935 2917 1133 2980 balineum8

10 3017 13 3080 l
79 3007 130 3069 illi
164 3006 256 3088 quasi
288 3027 345 3089 per
377 3006 495 3090 gradus
526 3006 682 3089 quosdam
713 3007 854 3089 primum
885 3007 1098 3070 contumeliae

78 3096 181 3178 locus,
205 3094 319 3158 deinde
342 3095 434 3158 exitii
456 3095 527 3158 fuit.
560 3094 650 3159 Vale.

558 3259 622 3317 nv.
904 3202 974 3270 “s
1071 3231 1074 3234 ’

275 3360 303 3406 0.
326 3360 465 3408 PLINIUS
490 3360 580 3408 SILIO
605 3359 767 3407 PROGULO
792 3359 857 3407 SUO
883 3359 909 3407 S.

43 3476 66 3514 a
150 3448 248 3533 Petis,
270 3453 308 3514 ut
329 3450 457 3514 libellos
475 3453 550 3514 tuos
573 3449 608 3513 in
631 3470 757 3514 secessu
774 3451 890 3535 legam,
909 3448 1099 3532 examinem,
1119 3462 1133 3510 1

81 3561 124 3603 an
150 3539 290 3603 editione
314 3539 380 3603 sint
403 3539 507 3624 digni,
537 3538 669 3602 adhibes
691 3559 814 3622 preces,
842 3539 970 3624 adlegat
994 3560 1098 3601 exem-
