2468 3938
143 163 185 228 86
435 204 440 214 .
578 160 605 216 c.
625 159 723 214 emm

107 343 123 392 5
142 332 251 391 tamen
273 329 385 390 neuter
402 328 574 409 utrumque
593 328 649 388 aut
667 323 807 388 absolvit
825 326 881 386 aut
900 323 1018 408 attigit.
1043 319 1156 384 Homi-

142 438 257 480 nemne
271 414 453 478 Romanum
468 417 534 478 tam
551 412 669 478 Graece
683 412 796 496 loqui?
827 410 904 476 Non
917 411 1041 475 medius
1060 411 1156 474 fidius

142 506 228 588 ipsas
251 503 394 568 Athenas
423 506 489 566 tam
512 501 637 567 Atticas
667 503 810 566 dixerim.
847 499 931 576 Quid
958 500 1083 563 multa?
1111 500 1159 561 in-

142 594 235 658 video
264 591 402 675 Graecis,
430 592 516 675 quod
543 593 672 656 illorum
699 592 811 676 lingua
839 590 977 654 scribere
1003 588 1157 652 maluisti.

143 682 256 766 Neque
280 683 365 747 euim
389 682 572 745 coniectura
594 684 676 766 eget,
700 680 778 763 quid
801 700 946 744 sermone
974 678 1080 761 patrio
1104 699 1157 740 ex·
1188 705 1201 742 5

142 773 279 856 primore
301 770 415 855 possis,
439 791 511 833 cum
534 770 597 834 hoc
620 769 760 834 insiticio
780 772 812 832 et
831 767 962 831 inducto
981 771 1049 831 tam
1068 788 1158 849 prae-

143 863 228 925 clara
252 883 348 944 opera
370 859 548 942 perfeceris.
585 858 675 922 Vale.

317 1122 344 1169 ο.
368 1122 508 1170 PLINIUS
533 1123 631 1171 soslc
656 1122 842 1171 suunclcru
867 1121 931 1169 sco
957 1121 982 1168 S.

109 1230 122 1278 1
210 1211 406 1276 Varisidium
433 1211 595 1298 Nepotem
622 1213 818 1278 validissime
846 1212 955 1297 diligo,
980 1211 1086 1273 virum
1110 1210 1202 1274 in-1o

143 1301 311 1386 dustrium,
333 1304 466 1385 rectum,
489 1302 653 1385 disertum,
677 1303 763 1386 quod
789 1302 874 1385 apud
896 1323 947 1364 me
970 1301 1022 1363 vel
1044 1302 1159 1382 poten-

143 1391 302 1454 tissimum
322 1394 378 1454 est.
401 1389 489 1454 Idem
509 1389 542 1454 O.
557 1389 741 1474 Calvisium,
760 1389 1021 1455 contubernalem
1040 1409 1161 1470 meum,

142 1479 281 1542 amicum
300 1482 402 1562 tuum,
415 1483 484 1542 arta
502 1481 743 1564 propinquitate
762 1479 987 1562 conplectitur,
1006 1480 1055 1540 est
1071 1477 1161 1539 enim

108 1567 229 1632 afilius
257 1568 383 1631 sororis.
429 1567 525 1632 Hunc
552 1590 631 1654 rogo
661 1569 807 1632 semestri
829 1567 996 1630 tribunatu
1020 1565 1162 1648 splendi-

143 1656 264 1719 diorem
293 1659 325 1719 et
352 1656 414 1719 sibi
439 1660 472 1720 et
494 1659 653 1721 aumculo
678 1678 736 1720 suo
759 1657 867 1720 facias.
900 1652 1068 1740 Obligabis
1096 1676 1204 1736 me,1⁵

144 1743 301 1828 obligabis
326 1742 500 1808 Calvisium
522 1749 679 1828 nostrum,
698 1745 857 1830 obligabis
881 1745 996 1827 ipsum,
1014 1764 1080 1806 non
1099 1743 1163 1806 mi-

108 1850 125 1897 3
143 1853 203 1896 nus
227 1833 377 1897 idoneum
402 1834 588 1916 debitorem,
607 1857 703 1918 quam
725 1854 784 1897 nos
802 1837 905 1917 putas.
942 1832 1046 1896 Multa
1063 1831 1163 1894 bene·
1182 1896 1186 1904 ,

143 1921 216 1984 ficia
239 1921 274 1984 in
296 1924 415 1986 multos
440 1924 619 2006 contulisti,
642 1924 746 1987 ausim
768 1923 958 1986 contendere
981 1922 1107 1984 nullum
1126 1925 1163 1984 te

142 2011 267 2094 melius,
285 2033 385 2094 aeque
403 2011 483 2076 bene
502 2034 602 2076 unum
622 2016 678 2075 aut
696 2014 832 2076 alterum
852 2011 1043 2075 conlocasse.
1067 2008 1162 2073 Vale.

630 2177 667 2235 V.
1178 2197 1203 2234 20

345 2276 373 2323 C.
394 2277 537 2325 'PLINIUS
561 2277 659 2324 IULIO
683 2277 812 2324 SPARSO
837 2276 902 2323 SUO
927 2275 953 2323 S.

109 2382 122 2430 1
205 2364 388 2430 Aeschinen
402 2367 492 2429 aiunt
505 2367 688 2450 petentibus
702 2366 838 2431 Rhodiis
848 2367 965 2452 legisse
980 2366 1162 2430 orationem

143 2476 243 2538 suam,
267 2455 380 2519 deinde
403 2453 639 2539 Demosthenis,
662 2457 795 2520 summis
818 2459 988 2538 utramque
1012 2455 1165 2518 clamori-

108 2543 212 2608 2bus.
258 2541 350 2618 Quod
378 2546 541 2607 tantorum
569 2546 711 2609 virorum
736 2545 909 2629 contigisse
937 2543 1065 2626 scriptis
1093 2564 1164 2606 non

143 2633 255 2715 miror,
283 2652 356 2696 cum
385 2633 562 2697 orationem
590 2655 695 2696 meam
722 2634 868 2717 proxime
897 2633 1075 2697 doctissimi
1102 2631 1163 2695 ho·
1178 2659 1204 2696 εδ

142 2722 245 2786 mines
273 2721 335 2785 hoc
363 2722 479 2805 studio,
506 2721 569 2786 hoc
591 2723 736 2805 adsensu,
763 2722 826 2786 hoc
849 2723 945 2786 etiam
968 2721 1079 2785 labora
1103 2743 1164 2804 per

143 2809 277 2873 biduum
304 2810 477 2893 audierint,
510 2812 656 2894 quamvis
686 2811 898 2875 intentionem
928 2832 1038 2875 eorum
1069 2810 1164 2873 nulla

143 2898 219 2962 hinc
238 2903 270 2963 et
284 2899 357 2963 inde
372 2900 511 2982 collatio,
529 2901 654 2964 nullum
674 2901 766 2983 quasi
785 2903 946 2964 certamen
964 2899 1163 2963 accenderet.

109 3004 125 3050 3
144 2985 230 3051 Nam
248 2985 367 3052 Rhodii
387 3009 459 3051 cum
479 2989 556 3071 ipsis
579 2989 760 3052 orationum
779 2989 952 3053 virtutibus
971 2992 1042 3052 tum
1061 2988 1162 3052 etiam

146 3078 393 3158 comparationis
417 3078 535 3141 aculeis
561 3078 793 3160 excitabantur,
820 3082 930 3142 nostra
958 3077 1060 3141 oratio
1090 3077 1163 3141 sine
1179 3103 1205 3141 eo

146 3165 368 3230 aemulationis
392 3167 496 3251 gratia
518 3167 731 3253 probabatur,
760 3165 813 3230 An
831 3168 956 3249 merito,
975 3167 1065 3248 scies,
1084 3187 1162 3229 cum

143 3253 259 3338 legeris
282 3254 411 3338 librum,
435 3255 525 3320 cuius
549 3257 726 3339 amplitudo
749 3278 815 3320 non
838 3257 916 3320 sinit
938 3277 989 3319 me
1012 3255 1164 3340 longiore

146 3391 178 3395 ..-
200 3390 359 3398 *..-

218 3469 249 3516 21
270 3461 368 3517 inmo
387 3466 452 3518 aaa.
472 3466 546 3522 esce.
568 3467 674 3532 (Have
683 3469 799 3533 uaso,
818 3484 868 3520 om.
888 3438 944 3520 reu.
1032 3469 1066 3516 24
1086 3467 1164 3518 eone.

146 3533 258 3601 scriptis
279 3534 384 3602 Fpra,
403 3536 502 3606 Stangl
516 3541 577 3601 662,
597 3554 647 3589 scr.
668 3538 740 3590 cont.
762 3539 800 3591 M
808 3538 901 3602 VDs,
917 3537 950 3591 K
