2482 3942
348 145 605 200 EPISTULARUM
622 146 687 200 vlu
705 152 748 213 11,
767 152 809 201 ar.
1020 146 1084 210 221

71 308 171 373 Vides
204 332 222 373 6
254 310 399 393 medicis,
436 331 631 394 quamquam
671 311 706 374 in
741 310 874 374 adversa
904 310 1085 374 valetudine
1123 324 1139 373 5

70 398 156 463 nihil
179 399 261 463 servi
288 421 326 464 ac
352 399 447 464 liberi
475 399 636 482 differant,
667 399 797 463 mollius
827 402 936 463 tamen
966 399 1086 463 liberos

72 488 325 571 clementiusque
348 489 487 554 tractari.
527 487 717 571 Recordare,
741 489 819 572 quid
843 509 987 572 quaeque
1010 488 1087 552 civi-

70 582 123 642 tas
145 576 256 660 fuerit,
283 599 349 642 non
371 581 409 640 ut
431 577 601 662 despicias,
634 578 720 662 quod
743 600 812 642 esse
835 577 977 661 desierit3
1002 578 1087 642 absit

36 666 238 750 ssuperbia,
270 667 433 749 asperitas.
477 665 548 731 Nec
578 667 724 732 timueris
758 670 987 750 contemptum.
1033 664 1087 730 An
1124 664 1140 730 θ’

71 755 305 838 contemnitur,
328 756 384 839 qui
405 756 594 839 imperium,
612 756 668 838 qui
690 755 793 820 fasces
815 754 922 838 habet,
944 754 1087 820 111111111-

71 845 160 909 milis
183 847 216 908 et
238 845 399 928 sordidus,
431 849 464 908 et
491 846 547 928 qui
575 866 609 908 se
635 845 759 928 primus
786 845 855 928 ipse
888 845 1087 909 contemnit?

70 933 158 997 Male
181 934 247 997 vim
267 956 357 998 suam
375 937 519 1017 potestas
538 934 675 998 aliorum
694 934 897 998 contumeliis
916 935 1088 1017 experitur,

71 1023 157 1086 111616
183 1027 305 1087 terrore
332 1023 494 1087 veneratio
523 1023 717 1106 adquiritur,
742 1024 902 1108 longeque
930 1023 1088 1087 valentior

19 1140 55 1180 ro
71 1133 165 1175 amor
186 1111 227 1175 ad
250 1111 473 1195 obtinendum,
506 1113 592 1196 quod
615 1112 708 1195 velis,
732 1134 827 1198 quam
851 1112 956 1175 timor.
1002 1111 1087 1176 Nam

70 1201 172 1265 timor
194 1201 275 1284 abit,
307 1200 335 1264 si
357 1200 500 1284 recedas,
531 1205 640 1265 manet
667 1222 772 1283 amor,
804 1222 842 1265 ac
864 1201 946 1264 siout
976 1201 1030 1265 ille
1053 1201 1089 1265 111

72 1289 184 1354 odium
215 1289 270 1353 hic
301 1290 335 1353 in
366 1290 577 1355 reverentiam
609 1290 753 1354 vertitur.
805 1289 850 1354 Te
882 1311 957 1354 vero
990 1291 1088 1354 etiam
1126 1305 1140 1353 7

72 1383 171 1461 atque
193 1379 290 1443 etiam
315 1376 471 1465 (repetem
495 1376 595 1464 enirn)
619 1379 804 1443 meminisse
832 1383 960 1462 oportet
988 1379 1088 1443 officii

71 1469 122 1531 tui
145 1468 277 1532 titulum
301 1488 338 1532 ac
359 1468 421 1532 tibi
443 1469 552 1552 ipsum
569 1469 782 1551 interpretari,
805 1469 899 1551 quale
918 1472 1087 1551 quantum-

25 1585 57 1624 1s
74 1578 137 1639 que
152 1557 194 1620 sit
209 1556 355 1621 ordinare
370 1560 490 1621 statum
503 1557 678 1621 liberarum
693 1557 869 1622 civitatum.
905 1556 991 1622 Nam
1011 1556 1089 1641 quid

74 1645 277 1710 ordinatione
300 1647 440 1729 civilius,
470 1646 548 1728 quid
570 1646 719 1711 libertate
748 1646 942 1730 pretiosius?
986 1645 1087 1710 Porro
1125 1661 1141 1709 8

73 1755 171 1817 quem
194 1739 300 1818 turpe,
328 1736 355 1800 si
379 1735 537 1799 ordinatio
561 1736 743 1818 eversione,
774 1736 905 1800 libertas
935 1736 1089 1800 servitute

73 1825 229 1888 mutetur!
254 1823 396 1906 Accedit,
411 1824 497 1907 quod
511 1824 572 1887 tibi
586 1829 747 1889 certamen
761 1829 811 1889 est
829 1828 944 1889 tecum.
969 1821 1089 1890 Onerat

72 1916 106 1976 16
129 1917 318 1995 quaesturae
340 1918 415 1977 tuae
437 1914 537 1997 fama,
564 1935 661 1997 quam
689 1936 729 1978 ex
751 1913 905 1997 Bithynia
933 1914 1088 1997 optimam

27 2031 58 2070 ao
72 2002 234 2084 revexisti,
257 2007 368 2066 onerat
389 2003 612 2067 testimonium
630 2002 795 2086 principis,
818 2006 929 2066 onerat
946 2003 1089 2066 tribuna-

71 2096 136 2173 tus,
159 2096 309 2174 praetura
331 2096 427 2174 atque
449 2091 529 2156 haec
551 2092 622 2175 ipsa
644 2092 763 2178 legatio
791 2091 883 2175 quasi
909 2092 1088 2174 praemium

72 2180 157 2244 data.
204 2178 273 2255 Quo
297 2180 400 2266 magis
423 2181 591 2244 nitendum
614 2185 672 2263 est,
695 2203 736 2245 ne
759 2181 793 2244 in
815 2180 993 2265 longinqua
1015 2202 1088 2263 pro·
1125 2196 1141 2244 9

71 2268 181 2332 vincia
195 2290 291 2351 quam
306 2269 497 2353 suburbana,
506 2292 546 2333 ne
560 2271 645 2334 inter
663 2270 836 2334 servientes
851 2290 947 2351 quam
961 2269 1090 2352 liberos,

71 2380 114 2422 ne
139 2362 225 2422 sorte
248 2379 345 2440 quam
368 2358 487 2422 iudicio
511 2359 643 2440 missus,
668 2380 710 2423 116
732 2357 820 2423 rudis
850 2361 883 2422 61
905 2358 1089 2444 incognitus

30 2477 56 2516 2⁵
72 2469 173 2530 quam
188 2448 373 2530 exploratus
386 2447 604 2532 probatusque
617 2447 797 2530 humanior,
815 2447 938 2529 melior,
956 2447 1090 2530 peritior

70 2537 175 2600 fuisse
197 2536 343 2618 videaris,
366 2557 439 2614 cum
463 2537 505 2602 sit
528 2537 658 2619 alioqui,
680 2541 718 2601 ut
736 2558 829 2619 saepe
850 2535 977 2619 audisti,
996 2558 1089 2619 saepe

71 2625 201 2710 legisti,
234 2626 336 2689 multo
365 2625 539 2694 deformius
569 2626 715 2689 amittere
744 2647 839 2709 quam
869 2646 936 2688 non
957 2624 1090 2708 adsequi

71 2714 211 2778 laudem.
254 2757 256 2762 ,

143 2801 232 2867 Haec
254 2803 352 2867 velim
375 2803 494 2887 credas,
518 2802 605 2886 quod
627 2803 720 2867 initio
745 2802 813 2866 dixi
818 2803 1015 2886 ,scripsisse
1038 2819 1142 2867 111610

31 2922 59 2962 so
74 2890 250 2956 admonent
236 2896 312 2974 t,em
324 2913 391 2956 non
404 2892 668 2977 praecipientem,
688 2913 882 2994 quamquam
895 2892 1090 2976 praecipien-

73 2987 142 3045 tem
162 3001 298 3063 quoque.
328 2979 453 3065 Quippe
476 3003 542 3045 non
564 3003 684 3064 vereor,
706 2981 741 3044 in
764 3001 872 3045 amore
894 3003 935 3045 ne
957 2981 1090 3045 modum

74 3070 275 3134 excesserim
304 3069 418 3153 Neque
441 3070 527 3135 enirn
545 3031 723 3154 periculirm
742 3075 800 3153 est,
822 3092 862 3135 ne
885 3071 928 3135 sit
945 3070 1091 3153 nimium,

76 3157 165 3242 quod
188 3180 256 3223 esse
279 3160 456 3223 maximum
480 3160 582 3223 debet.
628 3159 718 3224 Vale.

151 3356 167 3405 6
186 3351 242 3405 nisi
260 3352 310 3420 qui
327 3352 403 3406 hum.
423 3371 450 3418 a,
471 3351 532 3407 Otto
547 3356 607 3406 305.

478 3517 690 3526 ---—-.—-.-
