2468 3938
337 166 595 222 EPISTULARUM
612 169 638 222 Π
658 175 700 237 19,
719 174 761 224 20.
1018 170 1061 234 55
1079 189 1082 192 '

44 332 179 395 salutem
202 331 262 394 filii
279 331 476 414 perierasset.
505 330 596 396 Facit
618 331 680 396 hoo
698 331 842 419 Regulus
860 354 927 397 non
946 332 1052 396 minus
1099 349 1115 398 6

9 487 10 490 ,
45 421 195 484 scelerate
223 442 320 502 quam
347 419 544 505 frequenter,
578 421 665 504 quod
692 422 772 486 iram
803 422 950 504 deorum,
980 443 1061 505 quos
1116 393 1225 498 *baa

9 517 10 528 ¹
45 509 112 593 ipse
137 509 254 573 cotidie
276 509 369 592 fallit,
392 508 427 572 in
450 513 546 594 caput
569 509 708 574 infelicis
731 511 824 594 pueri
846 511 1029 575 detestatur.
1056 457 1158 664 N

109 596 254 662 Velleius
272 597 414 682 Blaesus,
437 598 492 662 ille
514 600 657 682 locuples
676 600 862 684 consularis,
884 600 1060 664 novissima

22 687 227 754 evaletudine
255 686 506 751 conflictabatur.
554 685 711 772 cupiebat
738 692 862 753 mutare
891 692 1062 753 testamen-

45 780 122 840 tum.
174 775 331 861 Regulus,
360 776 417 858 qui
440 779 580 860 speraret
610 776 733 860 aliquid
755 799 795 841 ex
817 777 909 842 novis
932 777 1061 861 tabulis,

45 867 120 948 quia
143 886 246 948 nuper
268 868 395 948 captare
419 887 491 929 eum
515 869 672 949 coeperat,
695 866 836 930 medicos
856 865 988 950 hortari,
1011 888 1061 930 ro·

46 976 129 1039 gare,
149 974 278 1036 quoquo
298 953 563 1038 modo-spiritum
582 953 708 1018 homini
725 959 945 1042 prorogarent.
968 955 1061 1020 Post·
1098 970 1114 1019 8

46 1065 142 1126 quam
180 1043 341 1128 signatum
378 1046 426 1107 est
462 1045 706 1126 testamentum,
735 1047 846 1126 ,mutat
882 1066 1061 1128 personam,

12 1159 33 1198 ιο
45 1133 142 1196 vertit
164 1131 401 1218 adlocutionem
425 1131 589 1214 isdemque
618 1131 763 1196 medicis:
797 1130 980 1216 ‘Quousque
1003 1133 1062 1197 mi-

9 1287 10 1290 ,
46 1242 152 1285 serum
177 1219 347 1285 cruciatis?
385 1219 462 1303 quid
485 1219 634 1285 invidetis
658 1221 743 1285 bona
766 1223 883 1303 morte,
911 1221 963 1284 cui
987 1221 1061 1285 dare

45 1310 145 1374 vitam
159 1331 225 1373 non
238 1309 373 1393 potestis
383 1309 411 1372 ‘l’
425 1307 565 1373 Moritur
574 1308 707 1373 Blaesus
718 1313 759 1393 et,
772 1313 938 1393 tamquam
954 1310 1061 1373 omnia

45 1399 194 1482 audisset,
217 1397 342 1484 Regulo
366 1420 406 1462 ne
429 1399 593 1462 tantulum
617 1398 755 1481 quidem.
784 1395 956 1476 Sufficiunt
980 1398 1060 1462 duae
1099 1415 1116 1463 a

9 1517 11 1546 ι
45 1487 183 1569 fabulae,
196 1509 238 1562 an
251 1487 441 1552 scholastica
453 1488 526 1573 lege
539 1487 669 1551 tertiam
683 1486 812 1571 poscis?
826 1491 883 1572 cst,
897 1488 982 1553 unde
995 1487 1061 1551 fiat.

9 1603 33 1641 rr
110 1574 252 1658 Aurelia,
267 1579 379 1640 ornata
392 1575 521 1661 femina,
536 1576 701 1662 signatura
715 1579 944 1640 testamentum
955 1595 1061 1660 sump-
1081 1591 1115 1641 10

9 1643 13 1730 l
46 1668 130 1729 serat
152 1663 383 1749 pulcherrimas
406 1666 541 1728 tunicas.
586 1663 730 1751 Regulus
759 1687 832 1729 cum
860 1666 999 1731 venisset
1022 1665 1062 1728 ad

47 1753 247 1840 signandum,
293 1753 411 1841 ‘Rogo'
434 1753 553 1836 inquit,
578 1751 647 1817 ‘has
670 1753 752 1818 mihi
774 1753 883 1841 legos’.
929 1753 1062 1818 Aurelia
1082 1771 1114 1818 11

9 1819 11 1864 l
45 1843 153 1907 ludere
171 1841 337 1906 hominem
355 1843 499 1927 putabat,
522 1843 577 1906 ille
602 1841 684 1907 serio
709 1843 864 1927 instabat3
886 1845 1061 1927 nemulta,

9 1991 11 2004 ‚
48 1932 152 2018 eo'e'git
175 1931 344 1995 mulierem
367 1931 490 2015 aperire
514 1931 640 1996 tabulas
654 1951 703 1996 ac
726 1931 788 1996 sibi
817 1931 958 2013 tunicas,
982 1953 1061 2014 quas

9 2013 114 2086 'uerat
142 2020 271 2102 induta,
302 2021 425 2106 legare3
458 2020 640 2085 observavit
672 2021 878 2104 scribentem,
912 2019 1061 2104 inspexit,

47 2131 86 2173 an
109 2109 305 2192 [scripsisset.
350 2107 395 2172 Et
417 2107 551 2173 Aurelia
579 2108 710 2192 quidem
738 2109 832 2193 vivit,
864 2110 919 2174 ille
953 2114 1062 2173 tamen

9 2253 11 2316 ,
47 2198 133 2350 {pitud
160 2201 326 2280 tamquam
344 2198 540 2298 ,morituram
564 2199 679 2300 coegit.
715 2196 760 2261 m
782 2197 836 2262 hic
858 2197 1062 2281 hereditates,

9 2357 10 2360 Ἴ
80 2289 548 2456 c'slilgtadlabv'qdddlvaldbbmpdduid
566 2291 762 2458 dibilitate,
780 2376 814 2439 in
833 2397 896 2459 qua
914 2376 979 2440 iam
993 2324 1137 2460 'pff

9 2460 117 2529 'adem
149 2485 217 2527 non
244 2464 369 2528 minora
395 2465 552 2548 praemia,
584 2465 684 2528 immo
714 2465 838 2528 maiora
863 2465 1007 2547 nequitia
1030 2467 1063 2528 et

9 2549 11 2580 v
47 2553 237 2637 improbitas
262 2574 358 2636 quam
381 2552 485 2636 pudor
508 2557 540 2618 et
562 2554 665 2617 virtus
688 2553 830 2618 habent?
861 2551 978 2636 Aspice
1001 2551 1062 2616 Re·
1082 2568 1115 2616 13

48 2644 172 2728 gulum,
205 2641 261 2726 qui
289 2664 327 2706 ex
354 2664 493 2726 paupere
521 2646 554 2708 et
581 2643 671 2706 tenui
698 2641 746 2705 ad
765 2645 871 2706 tantas
902 2662 978 2730 opes
1005 2663 1063 2724 per

49 2731 170 2817 flagitia
192 2731 356 2814 processit,
379 2734 416 2794 ut
438 2731 507 2815 ipse
530 2730 610 2795 mihi
632 2731 757 2813 dixerit,
780 2751 854 2794 cum
874 2731 1062 2814 consuleret,

9 2867 10 2912 ,
49 2841 142 2902 quam
172 2821 236 2884 cito
265 2820 446 2884 sestertium
475 2821 645 2884 sescenties
676 2820 856 2903 inpletums
888 2822 984 2902 esset,
1015 2819 1082 2898 inp

9 2910 170 2976 monisse
194 2931 227 2972 se
247 2912 321 2972 exta
340 2908 488 2993 duplicia,
512 2909 628 2992 quibus
651 2909 800 2992 portendi
823 2907 927 2972 milies
948 2903 984 2972 et
1006 2907 1062 2971 du-

9 2983 14 3074 l
51 2998 166 3064 centies
193 2996 388 3062 habiturum.
433 2997 478 3061 Et
504 2997 651 3080 habebit,
684 2998 710 3062 si
739 2997 849 3079 modo,
881 3000 918 3060 ut
948 2997 1062 3080 coepit,
1078 3012 1117 3066 ,14

50 3088 151 3152 aliena
173 3089 374 3170 testamenta,
398 3087 484 3169 quod
507 3091 556 3151 est
574 3087 837 3170 inprobissimum
856 3107 957 3172 genus
980 3086 1063 3170 falsi,

9 3179 10 3184 ’
51 3176 133 3259 ipsis,
157 3196 295 3260 quorum
318 3178 393 3239 sunt
416 3176 480 3254 illa,
504 3175 678 3241 dictaverit.
724 3173 813 3239 Vale.

118 3322 132 3369 1
157 3314 326 3384 perierasset
344 3315 440 3381 KJI,
461 3299 830 3384 peierassetrpra',1s.r,
853 3313 1064 3382 perierierasset

9 3409 11 3466 g
54 3387 124 3455 MV,
142 3385 268 3456 perieras
288 3385 337 3440 sed
355 3386 394 3440 D.
468 3389 502 3438 30
521 3384 668 3455 duplicata
686 3386 773 3454 Fpo,
796 3384 856 3440 Otto
875 3389 937 3440 299.

449 3603 662 3612 μ...-
