2482 3942
326 163 584 218 EPISTULARUM
602 163 666 218 VIII
686 168 799 221 18-20.
959 188 962 194 ·
1004 163 1071 230 215

55 327 346 415 pulcherrimorum
375 349 507 412 operum
537 329 573 392 in
593 328 730 412 horreis,
763 351 844 412 quae
872 329 1072 415 neglegebat.

55 418 200 484 Invicem
222 422 273 500 tu,
297 418 324 481 si
347 418 425 500 quid
447 417 520 482 istic
542 417 679 501 epistula
702 417 849 503 dignum,
876 440 916 482 ne
940 440 1073 504 gravare

55 507 204 574 scribere.
239 505 326 570 Nam
345 528 417 571 cum
437 528 529 571 aures
546 507 716 571 hominum
735 507 878 571 novitate
901 508 1071 590 laetantur,
1092 525 1126 574 12

54 602 129 664 tum
152 597 192 660 ad
214 596 372 660 rationem
395 595 480 659 vitae
504 597 659 680 exemplis
684 595 855 660 erudimur.
893 594 982 660 Vale.

528 741 607 804 XIX.

31 876 45 916 s
321 843 350 891 o.
372 843 511 890 ruinius
535 842 673 890 ummo
698 843 763 891 suo
789 843 814 891 s.

124 932 170 998 nt
192 933 344 1018 gaudium
368 932 449 996 mihi
473 936 505 996 et
528 933 683 997 solacium
711 933 746 996 in
767 933 898 1017 litteris,
926 933 1072 1017 nihilque
1092 952 1107 1000 1

59 1027 126 1087 tam
143 1025 275 1106 laetum,
293 1021 380 1104 quod
397 1021 449 1086 his
467 1021 592 1104 laetius,
614 1025 682 1087 tam
700 1022 802 1104 triste,
825 1022 912 1105 quod
930 1045 997 1087 non
1015 1045 1074 1106 per

58 1113 119 1176 has
140 1111 183 1177 sil
205 1112 312 1175 minus
336 1111 438 1176 triste.
482 1108 596 1194 Itaque
624 1114 657 1174 et
684 1110 871 1175 iufirmitate
899 1113 1010 1176 uxoris
1040 1116 1073 1176 et

59 1221 204 1265 meorum
227 1199 379 1284 periculo,
403 1199 604 1283 quorundam
627 1221 702 1264 vero
723 1201 820 1265 etiam
839 1204 942 1264 morte
965 1201 1073 1265 turba-

20 1323 45 1362 10
60 1294 114 1354 tus
150 1290 190 1354 ad
219 1290 350 1354 unicum
386 1288 506 1352 doloris
538 1289 755 1352 levamentum
790 1289 896 1352 studia
932 1290 1074 1376 confugi,

60 1400 143 1463 quac
164 1381 340 1462 praestant,
371 1382 408 1442 ut
431 1378 563 1442 adversa
586 1378 690 1464 magis
713 1378 913 1464 intellegam,
941 1379 997 1443 sed
1019 1401 1074 1462 pa-

59 1468 192 1532 tientius
214 1466 324 1532 feram.
364 1465 425 1531 Est
448 1470 555 1530 autem
579 1466 660 1529 mihi
683 1467 791 1550 moris,
815 1466 996 1551 quodsum
1021 1467 1109 1532 daz

60 1562 153 1622 turus
176 1557 209 1620 in
230 1577 344 1621 manus
367 1555 546 1631 hominum,
565 1560 639 1619 ante
662 1556 841 1620 amicorum
859 1556 977 1620 iudicio
1002 1579 1075 1621 exa-

60 1648 197 1729 minare,
222 1645 391 1730 inprimis
414 1648 480 1708 tuo.
525 1643 678 1726 Proinde,
701 1645 729 1709 si
752 1644 896 1728 quando,
919 1666 1005 1710 nnnc
1028 1647 1075 1710 in-

20 1768 45 1807 15
60 1735 155 1800 tende
186 1735 282 1818 libre,
314 1756 410 1817 quem
443 1755 516 1798 curn
548 1733 608 1797 hac
640 1733 777 1817 epistula
809 1734 962 1817 accipies,
999 1735 1075 1818 quia

60 1845 181 1908 vereor,
203 1846 243 1888 ne
265 1824 334 1908 ipse
358 1827 395 1886 ut
417 1821 520 1886 tristis
542 1844 655 1905 parum
679 1822 879 1886 intenderim.
912 1822 1074 1907 Imperare

59 1915 145 1979 enim
179 1913 295 1995 dolori,
330 1916 368 1976 ut
400 1911 581 1994 scriberem,
617 1912 723 1995 potui,
759 1915 796 1974 ut
827 1932 928 1976 vacuo
966 1913 1074 1977 animo

59 2005 219 2086 laetoque,
241 2022 308 2065 non
330 2001 431 2085 potui.
462 1998 564 2064 Porro
588 2003 624 2064 ut
648 2022 687 2063 ex
711 2000 826 2064 studiis
850 2001 1004 2086 gaudium
1027 2003 1075 2068 sic

60 2092 167 2157 studia
189 2091 351 2155 hilaritate
373 2090 575 2174 proveniunt.
621 2086 711 2152 Vale.

536 2236 598 2294 XX.

18 2266 45 2305 ²⁰
332 2337 360 2384 o.
383 2336 523 2384 anrus
547 2336 663 2384 cauno
688 2335 753 2384 suo
778 2335 804 2385 s,

125 2428 180 2494 Ad
203 2449 284 2512 quae
306 2426 466 2491 noscenda
493 2428 554 2490 Iter
577 2426 714 2512 ingredI,
742 2427 959 2491 transmittere
989 2446 1076 2490 mare
1095 2443 1113 2492 1

58 2522 212 2600 solemus,
235 2539 271 2581 ec
290 2516 349 2580 sub
370 2517 471 2580 oculis
490 2517 596 2599 posita
614 2515 825 2601 neglegimus,
849 2537 905 2579 seu
929 2515 1005 2598 quia
1029 2516 1077 2580 ita

58 2615 175 2675 natura
198 2608 433 2689 comparatum,
460 2609 497 2668 ut
523 2605 745 2689 proximorum
773 2605 926 2669 incuriosi
949 2605 1077 2690 longin—

19 2728 44 2768 a
58 2722 123 2785 qua
142 2699 309 2776 sectemur,
332 2715 389 2758 seu
412 2694 498 2777 quod
522 2694 666 2757 omniurn
684 2715 791 2757 rerum
810 2693 926 2777 cupido
945 2694 1076 2780 langue-

58 2791 129 2871 scit,
153 2807 226 2851 oum
249 2781 353 2848 facilis
377 2783 511 2864 eccesie,
534 2803 592 2846 seu
610 2782 697 2866 quod
715 2782 891 2846 differimus
910 2786 1076 2865 tamquam

58 2899 154 2962 saepe
177 2873 287 2955 visuri,
311 2871 397 2954 quod
420 2871 514 2935 datur
531 2871 648 2954 ridere,
672 2872 821 2954 quotiens
839 2871 920 2935 velis
939 2892 1077 2936 cernere.

58 2970 269 3048 Quacumque
296 2961 335 3024 de
363 2981 458 3025 causa
485 2961 645 3044 permulta
672 2961 708 3024 in
730 2960 809 3024 urbe
836 2964 946 3025 nostra
974 2961 1112 3024 iuxta-2

58 3080 122 3143 que
145 3052 259 3118 urbem
281 3071 349 3114 non
371 3049 473 3113 oculis
496 3049 607 3132 mode,
639 3049 695 3113 sed
723 3071 763 3113 ne
791 3049 921 3113 auribus
946 3049 1077 3132 quidem

20 3175 44 3214 ao
58 3145 220 3224 novimuS,
238 3161 320 3223 quae
340 3139 367 3202 si
386 3139 513 3202 tulisset
531 3137 663 3220 Achaia,
681 3135 858 3223 Aegyptos,
877 3135 955 3202 Asia
973 3139 1077 3202 aliave

58 3231 223 3320 quaelibet
254 3227 482 3292 miraculorum
514 3227 604 3290 ferax
634 3227 950 3309 commendatrinque
982 3231 1077 3311 terra,

57 3324 178 3404 audita,
200 3317 350 3404 perlecta,
371 3317 509 3380 lustrata
531 3315 730 3380 haberemus.
771 3314 844 3400 Ipse
863 3320 948 3380 certe
966 3339 1078 3401 nuper,
1096 3331 1113 3380 3

57 3413 147 3498 quod
173 3429 234 3474 nec
261 3405 423 3470 audieram
451 3408 525 3468 ante
552 3426 611 3469 nec
640 3404 796 3488 videram,
824 3405 933 3469 audivi
957 3407 1087 3489 pariter

62 3509 260 3522 f...-

131 3550 147 3597 3
167 3542 288 3598 scribere
307 3561 361 3610 ας,
380 3559 430 3599 om.
452 3545 515 3610 Mr,
534 3545 572 3598 K.
647 3548 680 3598 10
700 3544 831 3616 confugio
850 3563 877 3600 a.
955 3558 959 3564 ·
