2482 3942
361 197 619 254 EPISTULARUM
637 199 676 252 VI
695 205 791 254 s-11:
1021 198 1084 264 145

559 367 594 426 X.

334 467 680 517 o.an1usnuamo
704 468 770 517 suo
795 435 826 516 sss

135 555 216 621 Cum
245 558 403 622 venissem
431 559 466 621 in
493 577 603 622 socrus
633 579 722 622 meac
754 559 866 622 villam
894 556 1118 641 Alsiensemr

67 646 345 730 quaealiqnando
368 645 444 710 Rufi
467 645 602 732 Vergini
624 647 696 730 fuit,
717 649 785 730 ipse
809 647 890 712 mihi
913 648 1004 712 locus
1028 669 1083 731 op-

40 737 140 802 etimi
163 735 251 799 illius
275 740 307 800 et
329 737 463 799 maximi
485 737 547 800 viri
570 736 762 800 desiderium
791 758 858 801 non
881 736 950 801 sine
973 736 1082 800 dolore

65 825 243 889 renovavit.
283 823 379 891 Hune
407 826 493 889 enim
520 824 659 889 incolere
683 845 843 890 secessum
866 830 962 909 atque
986 825 1083 890 etiam

65 914 241 978 senectutis
265 935 341 977 suae
363 913 510 978 nidulum
531 935 646 980 vocare
670 918 886 980 consueverat.
924 913 1118 991 Quocum-a

65 1025 130 1086 que
150 1023 202 1067 me
220 1003 437 1085 contulissem,
455 1003 548 1067 illum
568 1004 702 1087 animus,
725 1003 818 1067 illum
839 1005 925 1068 oculi
942 1005 1082 1087 require-

66 1091 155 1155 bant.
201 1091 312 1156 Libuit
339 1092 436 1156 etiam
464 1093 699 1156 monimentum
729 1094 798 1156 cius
828 1092 944 1175 videre,
976 1098 1008 1157 et
1037 1095 1082 1157 ri-

21 1180 153 1246 redisse
183 1181 349 1264 paenituit.
404 1180 466 1245 Est
498 1182 583 1245 enim
621 1180 725 1245 adhuc
761 1180 991 1264 inperfectum,
1023 1196 1117 1246 neca

63 1269 243 1333 difficultas
267 1270 372 1353 operis
395 1271 430 1334 in
453 1291 547 1334 causa
565 1270 686 1335 modici
706 1290 743 1334 ac
761 1271 870 1354 potius
889 1271 1007 1356 exigui,
1026 1270 1082 1334 sed

62 1357 184 1422 inertia
212 1360 288 1441 eius,
316 1360 369 1422 oui
397 1380 473 1423 cura
500 1359 651 1424 mandata
678 1363 735 1423 est.
782 1357 877 1423 Subit
902 1358 1080 1445 indignatio

62 1469 142 1512 cum
165 1448 368 1512 miseratione
387 1452 462 1530 post
480 1448 639 1512 decimum
658 1449 771 1513 mortis
791 1471 910 1512 annum
929 1449 1081 1533 reliquias

61 1537 314 1622 neglectumque
338 1538 476 1602 cinerem
499 1538 567 1601 sine
590 1537 697 1620 titulo,
719 1538 788 1602 sine
815 1538 946 1601 nomine
969 1538 1080 1621 iacere,

20 1653 46 1692 15
62 1627 160 1690 cuius
183 1626 339 1689 memoria
361 1626 472 1690 orbem
495 1630 653 1690 terrarum
677 1627 781 1712 gloria
803 1630 1003 1712 pervagetur.
1036 1624 1081 1691 At
1100 1641 1117 1688 4

61 1715 122 1778 ille
155 1715 362 1778 mandaverat
393 1719 592 1799 carentque,
624 1720 660 1778 ut
692 1716 836 1780 divinum
864 1716 945 1780 illud
973 1720 1005 1780 et
1034 1717 1081 1780 in-

60 1804 202 1868 mortale
225 1803 347 1868 factum
370 1803 515 1868 versibus
538 1805 779 1868 inscriberetur:

62 1909 157 1973 ‘Hic
171 1911 269 1974 situs
284 1913 342 1975 cst
355 1909 493 1994 Rufus,
507 1911 619 1994 pulso
634 1911 699 1994 qui
713 1909 877 1975 Vindice
892 1912 1080 1995 quondam

129 1999 332 2082 imperium
356 2000 528 2063 adseruit
550 2021 625 2064 non
648 1999 735 2084 sibi,
764 1999 829 2064 sed
850 1999 1014 2083 patriae?
1102 2008 1104 2013 ’

17 2134 44 2172 sc
60 2105 147 2170 Tam
174 2128 245 2170 rara
272 2107 307 2169 in
333 2106 484 2170 amicitiis
511 2106 599 2189 fides,
627 2110 694 2170 tam
717 2110 828 2190 parata
852 2106 973 2170 oblivio
997 2121 1115 2171 mor-5

58 2201 206 2275 tuorum,
229 2197 266 2257 ut
290 2196 354 2279 ipsi
376 2194 469 2258 nobis
497 2194 669 2259 debeamus
697 2196 795 2259 etiam
823 2195 1001 2259 conditoria
1028 2217 1080 2260 ex-

58 2289 173 2348 truere
205 2283 375 2368 omniaque
408 2283 562 2348 heredum
595 2284 702 2348 officia
729 2306 939 2368 praesumere.
993 2283 1115 2349 Nemo

59 2373 118 2439 cui
146 2394 213 2437 non
240 2377 290 2437 est
317 2373 498 2455 verendum,
527 2373 613 2456 quod
645 2373 789 2438 videmus
822 2373 974 2437 accidisse
1002 2373 1080 2437 Ver-

59 2462 178 2548 ginio?
201 2462 291 2526 cuius
314 2461 466 2526 iniuriam
491 2465 528 2525 ut
555 2461 769 2548 indigniorem
798 2462 845 2526 sic
872 2463 969 2526 etiam
997 2463 1080 2528 noti·

17 2579 42 2619 aa
59 2572 154 2616 orem
177 2550 279 2634 ipsius
303 2551 430 2615 claritas
454 2551 538 2616 lacit.
585 2549 674 2616 Vale.

325 2815 678 2864 o.Pu1N1Usn1fflno
703 2815 768 2864 suo
793 2816 820 2864 s.

131 2903 159 2968 Ο
184 2905 268 2969 diem
290 2906 425 2970 laetum!
449 2905 611 2970 adhibitus
630 2907 666 2971 in
688 2906 860 2970 consilium
878 2929 897 2969 a
916 2906 1112 2990 praefector

57 2995 154 3059 urbis
177 2994 286 3058 audivi
309 3017 349 3058 ex
372 2995 497 3060 diverso
521 2999 652 3081 agentes
676 3016 818 3060 summae
838 2996 916 3079 spei,
934 3017 1078 3060 summae

17 3114 43 3154 ao
58 3082 182 3150 indolis
215 3084 355 3166 iuvenes,
386 3083 525 3148 Fuscum
558 3083 770 3148 Salinatorem
807 3088 839 3147 et
876 3083 1077 3149 Ummidium

59 3171 274 3255 Quadratum,
288 3174 452 3258 egregium
467 3196 526 3256 par
539 3195 598 3237 nec
616 3173 712 3236 modo
731 3173 931 3255 temporibus
949 3175 1077 3257 nostris,
1101 3234 1103 3238 ,

59 3262 120 3327 sed
149 3262 267 3325 litteris
298 3263 378 3345 ipsis
412 3267 599 3326 ornamento
630 3262 784 3325 futurum.
833 3260 917 3325 Mira
948 3263 1111 3344 utriquea

59 3349 208 3436 probitas
233 3352 412 3415 constantia
436 3353 532 3435 salva,
551 3351 684 3415 decorus
702 3349 843 3432 habitus,
861 3372 897 3414 os
916 3349 1076 3436 Latinum,

58 3461 127 3505 vox
141 3439 253 3522 virilis,
267 3444 363 3504 tenax
377 3441 541 3518 memoria,
554 3461 707 3525 magnum
727 3439 902 3525 ingenium,
921 3439 1076 3504 iudicium

136 3583 152 3632 6
171 3578 262 3633 colere
282 3581 326 3646 M,
344 3581 413 3634 K.I.

115 3679 188 3720 Pam
201 3678 346 3719 Errsrunu.
883 3671 916 3720 10

18 3737 20 3786 l
