2442 3940
431 751 711 826 PRAEFATIO.

130 951 176 1010 De
191 951 272 1014 Plini
290 950 441 1010 codicibus
459 969 519 1009 non
534 953 578 1010 est
593 951 672 1026 quod
688 970 743 1010 nos
756 954 823 1027 post
837 951 928 1010 Henr.
942 951 1075 1010 Keilium

56 1041 201 1117 pluribus
225 1041 419 1116 disputemus.
461 1040 581 1115 Triplex
604 1057 666 1098 asse
690 1059 784 1118 genus
806 1039 950 1100 librorum
973 1039 1076 1100 docuit

55 1131 111 1202 ille
137 1130 223 1188 etin
246 1129 375 1188 editione
398 1131 511 1188 minore
535 1131 707 1204 stereotypa
729 1132 860 1204 primum
887 1149 963 1188 anno
990 1131 1073 1188 1853

57 1219 199 1296 vulgata,
220 1221 326 1294 postea
348 1221 468 1294 saepius
489 1219 617 1294 repetita
642 1221 672 1276 et
694 1219 726 1276 in
748 1220 861 1286 maiore
885 1221 956 1276 anni
981 1221 1075 1292 1870,

56 1327 157 1366 unum
189 1325 296 1368 novem
324 1306 416 1367 libros
447 1307 625 1366 membranis
657 1307 773 1382 aliquot
800 1326 872 1366 casu
903 1309 1075 1383 interceptis

56 1397 271 1472 complectens,
287 1397 417 1454 alterum
437 1391 553 1456 ‘octavo
572 1396 649 1455 libro
670 1397 786 1472 omissa
801 1416 879 1457 nono
897 1415 951 1472 pro
971 1399 1075 1456 octavo

55 1487 162 1562 posito
187 1488 252 1546 octe
275 1479 379 1545 libros'
403 1487 565 1559 continens,
587 1487 713 1544 tertium
731 1488 848 1544 centum
870 1487 1076 1560 epistularum,

55 1574 185 1634 I-V6
210 1577 328 1649 praeter
341 1573 385 1632 IV
401 1577 451 1633 27.
491 1569 660 1652 ‘Integrum
682 1593 787 1633 novem
808 1575 951 1634 librorum
974 1593 1076 1634 nume-

55 1684 129 1722 rum
150 1681 231 1722 unus
259 1665 390 1722 omnium
418 1663 561 1723 librorum
588 1665 881 1738 manuscriptorum
908 1666 991 1721 tenet
1014 1663 1075 1723 cod.

55 1751 245 1812 Mediceus
268 1753 315 1812 vel
333 1749 553 1811 Laurentianus
574 1753 671 1827 plutei
684 1750 765 1808 XLV
780 1747 849 1826 36',
867 1755 1027 1811 tenuenmt
1044 1754 1076 1826 ii,

56 1861 93 1900 ex
116 1841 226 1917 quibus
245 1841 389 1900 editiones
407 1841 567 1899 Romana
590 1860 615 1898 a.
637 1839 722 1898 1474
743 1844 773 1899 91
790 1840 923 1898 Aldina
943 1859 968 1899 a.
990 1841 1075 1900 1508

56 1932 221 2006 promptae
235 1932 312 1990 sunt.
341 1929 415 1990 Octo
429 1930 530 2005 libroS,
544 1929 664 1988 I-VII
678 1931 708 1987 et
721 1930 772 2004 IX,
791 1932 927 1990 continet
938 1924 1076 2008 ‘magnus

11 2055 13 2072 »
56 2037 205 2077 numerus
233 2018 367 2081 codicum
391 2021 495 2094 quinto
522 2019 635 2078 decimo
664 2019 780 2078 saeculo
809 2014 1013 2093 scriptorum',
1042 2039 1077 2078 ex

56 2125 120 2182 quo
135 2124 260 2164 numero
274 2125 366 2164 unum
380 2109 575 2181 potissimum,
588 2102 826 2166 Dresdensem
838 2107 865 2164 D
879 2109 950 2183 166,
960 2108 1075 2166 Keilius

56 2195 211 2268 adhibuit,
226 2197 255 2254 et
269 2195 312 2252 ed.
331 2197 498 2270 princeps
518 2213 544 2252 a.
561 2197 655 2254 1471.
686 2197 781 2254 Tertii
798 2190 925 2271 ‘generis
940 2197 1074 2254 codicum

55 2304 156 2343 unum
180 2285 285 2342 testem
308 2302 388 2342 nunc
409 2283 551 2342 habemus
575 2284 705 2342 codicem
727 2283 980 2343 Florentinum
1005 2285 1077 2343 olim

55 2372 262 2432 bibliothecae
282 2371 310 2430 S.
325 2371 420 2431 Marci
435 2366 523 2446 284',
543 2391 622 2431 nunc
640 2369 870 2446 Laurentinum,
889 2374 1076 2432 simillimum

11 2509 12 2522 ,
56 2463 98 2537 ei,
134 2480 197 2536 quo
224 2460 318 2520 Aldus
345 2480 417 2520 usus
446 2464 498 2522 est.
548 2461 703 2520 Accedunt
730 2461 844 2520 codices
872 2461 1076 2522 Vaticanus

58 2552 166 2625 3864,
189 2551 221 2606 in
245 2568 304 2625 quo
327 2553 398 2608 sunt
417 2549 462 2606 IV
484 2552 575 2624 primi
597 2550 680 2625 libri,
709 2552 792 2609 cuius
816 2545 982 2626 ‘scriptura
1006 2569 1074 2608 cum

56 2640 197 2698 Mediceo
212 2638 310 2698 codice
328 2641 391 2696 tam
408 2643 546 2698 accurate
565 2641 720 2713 consentit,
734 2641 769 2696 ut
787 2641 946 2714 utrumque
964 2639 1075 2697 librum

57 2749 93 2787 ex
112 2746 180 2787 uno
199 2727 361 2802 exemplari
378 2727 558 2803 descriptum
577 2746 638 2786 esse
656 2728 745 2804 plane
764 2723 933 2804 appareat'‚
947 2729 978 2786 et
996 2727 1076 2786 Rio-

59 2817 273 2889 oardianus,
291 2835 369 2876 nunc
386 2817 687 2876 Ashburnhamiensis
707 2811 874 2876 ‘Marciano
898 2819 997 2875 aetate
1015 2817 1076 2874 fere

58 2902 137 2982 par’,
159 2906 312 2964 continens
327 2900 469 2980 ‘quatuor
486 2906 577 2965 libros
592 2907 753 2982 completos
768 2907 799 2964 et
813 2907 935 2963 initium
954 2899 1074 2981 quinti'.

11 3037 12 3040 η
127 2994 197 3053 Hoc
217 2997 365 3069 apparatu
383 2994 498 3054 Keilius
517 2997 561 3053 ita
579 3013 650 3053 usus
670 2997 723 3068 est,
741 2997 777 3052 ut
794 2995 959 3070 principem
977 2995 1077 3053 locum

60 3085 149 3143 daret
164 3081 294 3142 Mediceo
310 3085 339 3142 et
352 3083 508 3142 Vaticano.
531 3083 573 3140 At
587 3083 622 3140 A.
639 3083 723 3142 Otto
737 3086 770 3141 in
783 3083 895 3141 Herma
908 3083 979 3140 XXI
991 3083 1075 3141 1886

59 3193 88 3249 p.
105 3175 173 3232 287
179 3191 244 3248 sqq.
268 3175 404 3232 accurate
423 3172 638 3232 demonstravit
659 3172 744 3232 foede
768 3174 921 3247 corruptos
945 3190 1007 3230 esse
1026 3171 1075 3230 vel

60 3263 255 3340 neglegentia
283 3262 329 3319 vel
356 3263 476 3320 inscitia
503 3250 694 3321 librariorum
722 3279 821 3319 omnes
845 3260 925 3318 Plini
953 3261 1076 3333 codices,

61 3351 196 3410 Mediceo
224 3368 284 3408 non
301 3353 421 3409 tantum
444 3349 609 3410 socordiam
632 3349 745 3408 scribae
771 3351 904 3408 nocuisse
930 3351 1075 3424 quantum

61 3441 220 3498 libidinem
246 3441 317 3514 eiua
346 3441 399 3514 qui
426 3441 564 3514 quamvis
590 3438 667 3497 bono
694 3439 776 3497 fonte
803 3456 882 3512 usus,
911 3457 986 3512 quae
1013 3438 1075 3512 ipsi

61 3529 265 3606 displicerent,
289 3528 465 3606 corrigenda
487 3530 615 3604 putaret.

883 3623 917 3676 a*
