2480 3942
146 147 213 212 254
466 146 493 201 G.
512 146 610 200 PLINI
627 146 675 200 ET
693 146 846 201 TRAIANI

556 314 608 373 vr.
628 310 751 395 [1111]

348 414 376 463 c.
399 415 538 463 11111116
564 416 716 464 animno
740 415 964 463 1111111611.

113 521 126 568 1
213 504 286 591 Ago
310 506 438 591 gratias,
462 505 604 589 domine,
632 507 718 590 quod
741 507 846 570 etius
870 503 1043 582 Quiritium
1067 503 1164 568 liber·

147 595 189 658 tis
221 597 416 659 necessariae
446 593 527 658 mihi
554 595 692 659 feminae
724 600 756 659 61
790 595 952 659 civitatem
980 592 1163 658 Romanam

146 683 348 767 Harpocrati,
371 684 551 768 iatraliptae
574 705 656 767 meo,
680 684 747 748 sine
771 706 861 748 mora
879 683 1049 747 indulsisti.
1088 679 1162 764 Sed,
1189 709 1201 748 s

146 794 219 836 curn
243 795 343 837 annos
367 773 434 837 eius
458 777 490 836 et
513 795 657 857 censum,
681 774 764 838 sicut
785 794 1000 857 praeceperas,
1022 772 1161 855 ederem,
1232 833 1233 840 ,

145 862 328 926 admonitus
361 885 431 926 sum
464 885 482 926 a
513 863 719 946 peritioribus
751 862 898 926 debuisse
930 883 981 925 me
1017 865 1092 925 ante
1130 862 1160 923 61

144 950 394 1015 Alexandrinam
427 951 588 1015 civitatem
616 953 799 1035 impetrare,
829 951 941 1015 deinde
967 950 1159 1033 Romanam,
1232 995 1233 1068 ,

110 1040 298 1123 Aquoniam
335 1044 417 1104 esset
443 1039 641 1126 Aegyptius.
686 1039 758 1126 Ego
796 1044 916 1124 autem,
958 1039 1033 1123 quia
1073 1039 1159 1102 inter

144 1128 322 1215 Aegyptios
351 1133 535 1212 ceterosque
557 1129 742 1215 peregrinos
772 1130 854 1193 nihil
876 1130 1028 1193 interesse
1052 1128 1159 1192 crede
1174 1159 1200 1198 ιο

144 1219 233 1301 bam,
261 1220 430 1282 contentus
452 1218 576 1282 fueram
599 1219 662 1283 hoc
685 1219 790 1282 solum
821 1219 958 1283 scribere
981 1217 1055 1301 tibi,
1083 1238 1158 1282 eum

145 1308 267 1372 scilicet
285 1331 304 1372 a
321 1307 489 1392 peregrina
507 1309 740 1372 manumissum
753 1312 986 1392 patronamque
1005 1307 1073 1370 eius
1091 1306 1159 1370 iam

143 1397 267 1480 pridem
286 1396 465 1461 decessisse.
506 1395 555 1460 De
574 1419 637 1479 qua
655 1396 837 1482 ignorantia
855 1418 926 1461 mea
943 1417 1010 1459 161
1028 1417 1161 1478 queror;
1232 1457 1233 1466 ,

143 1507 201 1568 per
230 1508 326 1569 quam
357 1487 460 1568 stetit,
491 1490 529 1549 ut
556 1485 617 1549 tibi
646 1507 704 1569 pro
738 1486 849 1550 eodem
876 1485 1007 1549 homine
1031 1485 1161 1568 saepius
1232 1473 1233 1520 l

144 1574 311 1659 obligarer.
348 1574 442 1660 Rogo
466 1575 584 1658 itaque,
607 1578 644 1637 ut
667 1575 822 1639 beneficio
846 1577 903 1638 tuo
926 1573 1070 1659 legitime
1091 1573 1161 1637 frui
1178 1603 1203 1643 rs

142 1665 278 1747 possim,
310 1663 433 1728 tribuas
462 1664 491 1727 ei
519 1667 551 1727 et
574 1661 824 1727 Alexandrinam
853 1663 1016 1728 civitatem
1039 1666 1073 1726 61
1094 1661 1163 1726 Ro

143 1774 279 1816 menam.
312 1751 424 1817 Annos
448 1754 516 1817 eius
540 1756 572 1816 61
596 1774 736 1836 censum,
758 1773 798 1816 ne
823 1753 900 1836 quid
922 1774 1031 1816 rursus
1054 1750 1163 1816 indul-

144 1842 285 1926 gentiam
309 1845 398 1906 tuam
422 1845 608 1924 moraretur,
631 1843 755 1907 libertis
775 1842 849 1926 tuis,
873 1841 989 1925 quibus
1010 1841 1162 1922 iusseras,
1232 1881 1233 1900 a

143 1952 225 1994 misr.

534 2042 602 2100 vn.
627 2036 765 2122 [xxiii]
1176 2067 1203 2106 a
1232 2071 1233 2112 1

487 2142 659 2191 TRAIANUS
683 2142 811 2190 PLINIO.
1232 2135 1233 2222 1

209 2239 379 2306 Civitatem
416 2239 666 2306 Alexandrinam
704 2242 877 2306 secundum
912 2241 1160 2306 institutionem

141 2331 323 2415 principum
346 2353 413 2395 non
435 2335 554 2395 temere
579 2331 653 2395 dare
675 2331 837 2414 proposui.
884 2328 955 2414 Sed,
979 2340 1051 2394 cum
1075 2328 1161 2394 Har-
1232 2367 1233 2434 1

140 2421 273 2503 pocrati,
294 2420 474 2503 iatraliptae
497 2423 564 2503 tuo,
584 2420 649 2484 iam
673 2420 835 2484 civitatem
853 2419 1034 2484 Romanam
1057 2419 1161 2502 impe-

142 2510 285 2591 traveris,
307 2509 383 2573 huic
406 2529 534 2591 quoque
557 2508 706 2593 petitioni
730 2512 803 2572 tuae
833 2530 950 2594 negare
972 2529 1038 2571 non
1061 2509 1160 2572 susti-
1176 2539 1202 2578 rs

141 2620 210 2662 neo.
241 2597 300 2680 Tu,
323 2619 363 2660 ex
382 2619 445 2680 quo
469 2619 566 2661 nomo
587 2597 638 2680 sit,
660 2601 775 2662 notum
794 2597 874 2662 milii
891 2598 996 2662 facere
1015 2597 1160 2682 debebis,

141 2691 178 2751 ut
201 2687 372 2771 epistulam
400 2686 461 2750 tibi
488 2687 528 2751 ad
551 2685 741 2769 Pompeium
764 2685 930 2771 Plantam,
956 2687 1159 2770 praefectum

141 2775 292 2863 Aegypti,
315 2776 453 2841 amicum
478 2797 595 2858 meum,
617 2775 754 2840 mittam.
1232 2771 1233 2776 ¹

526 2958 609 3017 vui.
633 2953 769 3038 [1111111]
1232 2955 1233 3036 l

342 3059 369 3107 Ο.
393 3059 532 3107 PLINIUS
557 3059 710 3108 TRAIANO
733 3060 958 3108 IMPERATORI.
1175 3072 1201 3111 ³0

107 3167 120 3215 1
208 3155 288 3221 (lum
308 3158 399 3222 divus
418 3161 509 3241 pater
526 3163 611 3242 tuus,
635 3159 772 3242 domine,
795 3164 827 3223 61
846 3159 989 3222 oratione
1007 3158 1159 3241 pulcher·

140 3245 222 3308 rima
244 3251 277 3309 et
299 3246 525 3310 honestissimo
548 3249 696 3331 exemplo
720 3268 830 3311 omnes
857 3247 941 3310 cives
965 3246 1004 3310 ad
1027 3248 1159 3311 munifi-

142 3334 278 3398 centiam
302 3339 385 3398 esset
409 3336 603 3420 cohortatus,
625 3336 704 3419 petii
730 3337 770 3400 ab
794 3357 841 3419 eo,
863 3339 900 3398 ut
923 3338 1045 3400 statuas
1068 3338 1160 3418 prin-

143 3422 259 3508 cipum,
278 3444 356 3505 quas
374 3423 409 3487 in
426 3424 612 3510 longinquis
632 3425 716 3510 agris
735 3447 792 3509 per
809 3426 918 3510 plures
938 3425 1157 3490 successiones

142 3509 274 3577 traditas
297 3511 391 3594 mihi,
414 3514 524 3594 quales
547 3535 744 3598 acceperam,
772 3513 1000 3598 custodiebam,
1023 3515 1159 3598 permit·
1173 3541 1199 3580 as
