2468 3938
387 173 689 229 EPISTULARUM
707 180 821 231 11-11.
1049 175 1113 240 133

98 341 211 401 ctuosa
239 336 332 401 dolor
358 337 495 420 invenit,
527 339 790 422 praecipientem,
823 339 909 421 quod
937 339 972 403 in
999 342 1113 422 vestes,

97 425 299 511 margaritas,
323 447 466 511 gemmas
489 427 594 491 fuerat
617 432 820 513 erogaturus,
843 428 964 493 hocin
985 432 1058 492 tura
1081 432 1113 492 et
1175 487 1176 490 ,

96 517 264 600 unguenta
298 518 330 578 et
367 515 480 579 odores
511 516 745 600 inpenderetur.
808 516 868 581 Est
898 517 1027 601 quidem
1059 517 1114 581 ille
1150 533 1166 581 8

2 667 4 692 ,
97 604 243 668 eruditus
267 607 299 667 et
322 604 462 688 sapiens,
493 605 609 688 utqui
634 628 667 670 se
691 607 731 670 ab
761 605 892 670 ineunte
916 609 1020 671 aetate
1043 605 1114 670 elti-

70 693 210 759 soribus
241 693 355 756 studiis
385 693 571 777 artibusque
602 695 772 778 dediderit,
805 696 860 759 sed
887 716 974 760 nunc
997 695 1115 778 omnia,

97 803 181 865 quae
205 782 308 846 audiit
294 786 439 866 tsaepe,
446 804 549 935 tquae
573 783 654 848 dixit
640 787 878 867 t,aspernatur
908 785 1114 868 expulsisque

95 872 201 934 virtut
202 871 273 935 ibus
298 872 369 936 eliis
393 873 481 954 pieta
481 871 523 935 tis
552 875 601 936 est
627 834 678 936 101
679 895 725 936 us
771 871 937 958 Ignoscas,
969 872 1114 938 laudabis
1151 889 1166 937 9

96 960 211 1042 etiarn,
244 960 271 1024 11
303 960 391 1046 cogit
392 961 511 1044 everis,
548 961 626 1044 quid
663 963 814 1026 amiserit
792 925 993 1026 tAniisit
1029 962 1114 1026 enim

96 1049 215 1131 filiam,
243 1070 324 1132 quae
346 1070 413 1113 non
436 1049 542 1113 minus
565 1071 670 1114 mores
698 1051 766 1116 eius
790 1071 886 1134 quam
916 1072 951 1114 os
975 1053 1114 1115 vultum-

55 1159 163 1220 noque
185 1137 535 1222 referebatttotumque
562 1142 687 1222 petrem
715 1139 796 1204 mira
827 1139 1037 1204 similitudine
1061 1162 1114 1204 ex·

97 1228 279 1310 scripserat.
324 1225 477 1310 Proinde,
509 1227 536 1292 11
560 1249 639 1310 quas
671 1227 711 1291 ad
739 1251 812 1292 eum
840 1228 878 1292 de
907 1228 1060 1301 doloret
1061 1249 1113 1309 am
1134 1245 1168 1293 10

95 1317 186 1380 iusto
208 1316 332 1380 litteras
355 1316 478 1399 mittes,
506 1321 666 1382 memento
697 1317 848 1381 adhibere
871 1316 1025 1382 solacium
1048 1338 1115 1381 non
1144 1378 1145 1384 ,

96 1405 192 1488 quasi
220 1405 461 1490 castigatorium
489 1409 522 1470 et
548 1406 645 1470 nimis
667 1406 766 1489 forte,
798 1405 854 1471 sed
877 1407 974 1470 molle
1002 1409 1034 1470 et
1057 1405 1114 1470 hu-

96 1515 241 1557 manum.
291 1492 384 1569 Quod
415 1497 452 1558 ut
483 1493 611 1559 facilius
644 1494 807 1578 admittat,
842 1497 982 1559 multum
1017 1495 1115 1560 faciet
1148 1553 1153 1561 ,

55 1609 81 1650 11
98 1582 201 1647 medii
224 1583 378 1666 temporis
402 1583 552 1666 spatium.
583 1582 631 1648 Ut
654 1585 740 1648 enim
763 1583 897 1649 crudum
920 1584 1024 1649 adhuc
1046 1583 1166 1649 vul-11

97 1693 161 1738 nus
186 1671 382 1736 medentium
410 1694 524 1736 manus
552 1673 752 1751 reformidat,
784 1672 897 1738 deinde
924 1674 1047 1757 patitur
1069 1676 1115 1738 at

96 1783 163 1844 que
186 1761 272 1824 ultro
289 1761 434 1845 requirit,
458 1762 504 1826 sic
521 1782 631 1826 recens
650 1762 750 1827 animi
769 1763 861 1827 dolor
880 1762 1115 1827 consolationes

2 1870 3 1878 ¹
95 1849 192 1914 reicit
214 1871 251 1914 ac
274 1850 409 1936 refugit,
436 1871 512 1914 mox
536 1851 693 1915 desiderat
721 1855 753 1916 et
776 1851 949 1916 clementer
978 1853 1115 1916 admotis

96 1939 286 2022 adquiescit.
333 1937 421 2002 Vale.
534 1956 539 1966 ·

53 2090 80 2130 ao
562 2068 657 2128 XVH.
921 2102 926 2106 -

229 2167 257 2215 Ο.
281 2167 419 2216 PLINIUS
443 2169 628 2217 VESTRIOIO
653 2169 849 2218 SPURINNAE
874 2168 939 2217 SUO
964 2167 990 2216 S.

2 2277 5 2364 p
167 2255 257 2341 Scio,
281 2262 401 2341 quanto
426 2281 521 2342 opere
549 2259 643 2324 bonis
667 2260 789 2324 artibus
811 2260 934 2343 faveas,
957 2261 1114 2342 quantum
1134 2276 1148 2324 1

1 2366 2 2387 ¹
97 2348 255 2434 gaudium
289 2347 411 2431 capias,
448 2350 476 2412 si
506 2347 632 2412 nobiles
664 2349 794 2412 iuvenes
827 2349 961 2434 dignum
992 2348 1115 2432 aliquid

97 2436 277 2502 maioribus
310 2437 376 2500 suis
403 2436 532 2502 faciant.
578 2435 648 2512 Quo
675 2438 882 2502 festinantius
909 2438 1023 2500 nuntio
1054 2437 1116 2500 tibi

53 2555 80 2595 ss
96 2526 199 2590 fuisse
213 2547 265 2588 me
278 2525 374 2589 hodie
387 2525 422 2590 in
436 2525 595 2590 auditorio
611 2523 764 2610 Calpurni
777 2525 913 2590 Pisonis.
947 2524 1116 2589 Recitabat
1134 2543 1150 2590 2

1 2613 5 2692 i
96 2625 370 2698 καταστερισμῶν
389 2616 546 2679 eruditam
565 2637 640 2679 sane
661 2615 921 2699 luculentamque
938 2614 1115 2678 materiam.

98 2703 228 2787 Scripta
259 2703 358 2788 elegis
388 2708 456 2768 erat
479 2704 655 2768 fluentibus
685 2709 718 2769 et
746 2705 864 2768 teneris
896 2706 929 2767 et
951 2702 1115 2787 enodibus,

97 2791 293 2857 sublimibus
321 2792 432 2875 etiam,
459 2796 496 2857 ut
523 2793 673 2877 poposcit
698 2795 797 2858 locus.
852 2791 938 2876 Apte
966 2792 1051 2856 enim
1083 2795 1116 2855 et

2 2885 5 2946 1
97 2883 186 2946 varie
218 2901 304 2945 nunc
332 2881 552 2966 attollebatur,
584 2903 671 2947 nunc
702 2882 874 2965 residebat,
907 2881 1032 2945 excelsa
1064 2879 1115 2944 de·

2 3017 3 3098 ,
54 2998 82 3038 10
98 2971 233 3073 pressis,
262 2970 358 3072 exilia
381 2971 498 3054 plenis,
526 2973 644 3036 severis
667 2971 806 3036 iucunda
828 2970 983 3053 mutabat,
999 2970 1115 3072 ,omnia

1 3140 6 3214 ι
97 3057 1150 3234 ttssff,ltunt‘ssffltttdtutttffttttttatt³

1 3218 8 3250 ’
99 3236 223 3302 tudinis
250 3237 285 3301 in
313 3259 381 3320 ore,
409 3259 526 3324 magna
557 3240 744 3302 ornamenta
766 3236 938 3303 recitantis.
984 3236 1115 3301 Etenim

172 3412 377 3482 amargsritas
396 3413 506 3481 Dpro,
528 3411 589 3468 Otto
603 3417 664 3479 303,
687 3413 842 3482 margarita
862 3415 905 3478 M,
922 3413 960 3466 K.
989 3443 1021 3450 —
1050 3411 1114 3463 tura

97 3485 210 3554 Dpro,
232 3483 302 3549 Otto,
325 3487 371 3537 tus
391 3485 434 3550 M,
449 3486 487 3538 K.
578 3489 611 3538 21
636 3482 874 3538 vassalorum
888 3485 962 3539 Ricc.
978 3483 1042 3536 add.

2 3561 3 3568 ’
99 3561 133 3608 22
154 3556 328 3624 quantopere
342 3573 399 3624 pr,·
418 3556 456 3610 ad
469 3573 499 3625 p.
511 3559 589 3610 7.17.
