2458 3940
331 141 586 197 PANEGYRIGUS
606 149 713 198 70.a-
725 150 766 198 72.
776 159 796 196 1.
1005 144 1069 208 361

67 308 166 396 gandi
198 309 319 394 gratias
351 329 453 392 agere.
494 304 563 371 Iam
592 329 656 390 quo
684 329 816 372 assensu
843 312 985 391 senatus,
1018 301 1136 392 quoll

71 398 189 485 gaudio
214 401 382 481 exceptum
405 401 463 479 est,
486 417 559 460 cum
582 396 768 482 candidatis,
786 402 824 461 ut
847 419 1006 481 quemque
1028 418 1085 462 no-

73 489 264 569 minaveras,
277 487 387 552 osculo
403 506 584 550 occurreres
599 485 737 550 devexus
753 486 881 570 quidem
900 488 935 551 in
953 485 1085 570 planum

71 581 105 641 et
133 576 224 659 quasi
251 597 334 639 unus
363 597 402 638 ex
429 574 680 660 gratulantibus!
726 575 771 639 Te
798 577 895 640 mirer
918 576 1021 661 magis
1045 590 1121 638 ana

42 666 252 749 simprobem
275 664 359 746 illos,
381 664 437 746 qui
461 663 642 746 effecerunt,
662 668 700 728 ut
722 665 810 729 istud
827 687 981 750 magnum
1001 666 1086 730 vide-

69 758 167 836 retur,
191 775 264 818 oum
287 754 375 817 velut
399 753 497 816 adfixi
520 752 684 818 curulibus
708 755 774 818 suis
805 775 936 818 manum
959 757 1096 818 tantum·
1126 797 1128 802 -

71 847 103 908 et
131 843 214 906 hano
242 843 429 907 cunctanter
458 845 491 906 et
518 843 610 926 pigre
638 846 671 906 et
700 842 935 926 imputantibus
966 842 1087 908 similes

69 933 276 1017 promerent?
314 929 459 1016 Contigit
481 950 558 1014 ergo
577 931 678 995 oculis
701 932 820 996 nostris
843 933 959 1016 †ante
977 932 1122 1013 faueas

70 1023 222 1106 princeps
245 1023 399 1104 aequatus
424 1019 600 1084 candidatis
623 1024 655 1084 et
675 1020 698 1103 ι
717 1021 814 1084 simul
833 1022 947 1085 stantis
966 1021 1086 1085 intueri

28 1141 55 1180 10
69 1132 182 1195 parem
201 1108 433 1193 accipientibus
451 1093 617 1194 honorem,
641 1110 697 1192 qui
716 1109 820 1174 dabat.
798 1108 946 1186 tQuod
963 1110 1122 1173 factum4

69 1205 164 1265 tuum
188 1222 207 1262 a
226 1203 341 1263 cuncto
360 1201 473 1262 senatu
492 1219 588 1280 quam
606 1220 682 1262 vera
700 1199 929 1263 acclamatione
948 1198 1086 1263 celebra-

69 1293 142 1353 tum
171 1291 231 1353 est:
204 1286 389 1352 t‘Tanto
416 1287 527 1370 maior,
555 1290 646 1351 tanto
627 1291 792 1372 otaugus
792 1287 871 1351 ior'.
912 1285 1006 1369 Nam,
1034 1286 1087 1350 cui

69 1378 156 1442 nihil
182 1377 223 1441 ad
250 1376 431 1460 augendum
458 1375 625 1461 fastigium
649 1380 802 1459 superest,
824 1376 879 1441 hic
901 1398 966 1440 uuo
989 1376 1086 1441 modo

70 1488 214 1532 crescere
237 1469 353 1550 potest,
376 1466 404 1529 si
427 1466 552 1548 seipse
576 1465 757 1529 summittat
780 1487 909 1530 securus
927 1466 1087 1550 magnitu-

31 1585 56 1626 ιι
71 1557 159 1621 diuis
183 1577 266 1619 suae.
302 1553 417 1638 Neque
440 1554 526 1618 enim
544 1552 584 1618 ab
603 1555 672 1618 ullo
691 1554 835 1637 periculo
853 1555 984 1619 fortuna
1001 1555 1087 1637 pn'n-
1107 1567 1124 1614 o

71 1646 183 1729 cipum
204 1644 334 1728 longius
363 1643 454 1708 abest
480 1665 576 1726 quam
603 1642 806 1708 humilitatis.
847 1643 932 1708 Mihi
958 1642 1087 1727 quidem

68 1756 139 1798 non
162 1736 229 1797 tam
251 1732 434 1796 humanitas
453 1735 510 1796 tua
530 1753 628 1814 quam
646 1733 783 1799 intentio
803 1733 870 1798 eius
890 1731 1087 1797 admirabilis

69 1821 249 1888 videbatur.
282 1821 415 1906 Quippe,
434 1843 507 1886 oum
526 1822 664 1886 orationi
683 1824 803 1905 oculos,
816 1842 939 1905 vocem,
956 1843 1087 1886 manum
1107 1834 1124 1882 c

71 1911 307 1988 commodares,
334 1915 371 1975 ut
399 1911 427 1975 si
455 1910 510 1974 alii
537 1911 648 1975 eadem
671 1911 734 1974 ista
756 1913 953 1993 mandasses,
978 1932 1088 1974 omnes

31 2031 56 2070 ιι
71 2001 236 2068 comitatis
263 2020 413 2064 numeros
442 1999 563 2064 obibas.
606 1998 715 2082 Atque
743 2001 849 2084 etiam,
876 2021 950 2064 cum
978 1999 1089 2063 suffra-

71 2094 224 2177 gatorum
247 2089 379 2154 nomina
401 2087 537 2173 honore,
562 2110 626 2171 quo
651 2089 1028 2171 solent,=exoiperentur,
1052 2091 1089 2150 tu

72 2200 204 2264 quoque
227 2179 311 2242 inter
334 2178 528 2261 excipientes
552 2198 631 2260 eras,
654 2180 686 2241 et
709 2199 749 2242 ax
772 2199 827 2242 ore
854 2177 1009 2260 principis
1032 2177 1088 2240 ille

71 2268 254 2333 senatorius
269 2288 416 2332 assensus
435 2265 632 2346 audiebatur,
645 2266 794 2349 quodque
809 2266 895 2349 apud
909 2265 1088 2350 principem
1108 2278 1123 2327 7

71 2356 243 2442 perhibere
265 2356 487 2421 testimonium
510 2355 706 2420 merentibus
735 2355 961 2440 gaudebamus,
984 2354 1090 2438 perhi-

31 2445 213 2515 uehebatur
239 2469 258 2509 a
284 2445 438 2529 principe.
475 2442 627 2509 Faciebas
650 2466 742 2530 ergo,
767 2466 839 2508 oum
863 2444 983 2509 diceres
1007 2443 1089 2526 opti·

72 2555 160 2620 mos,
182 2556 242 2599 nec
265 2535 409 2617 ipsorum
432 2534 528 2598 modo
552 2533 619 2598 vita
641 2557 660 2598 a
683 2538 724 2617 te,
746 2534 800 2598 sed
823 2533 977 2598 iudicium
1001 2553 1089 2596 sena-

73 2628 128 2689 tus
148 2623 426 2707 comprobabatur,
446 2623 616 2708 ornarique
640 2645 683 2707 se,
700 2645 767 2688 non
785 2623 859 2688 illos
877 2623 990 2706 magis,
1008 2642 1089 2704 quos

72 2711 239 2796 laudabas,
261 2710 449 2778 laetabatur.

142 2799 221 2884 Iam,
244 2801 331 2885 quod
353 2804 501 2884 precatus
524 2821 567 2883 es,
589 2804 627 2864 ut
650 2801 733 2864 illa
725 2823 795 2885 rpsa
815 2800 973 2865 ordinatio
993 2800 1090 2864 comi·
1079 2795 1142 2862 -72

148 2957 299 3012 8insolita
317 2960 383 3012 ants
401 2959 474 3080 culp
496 2958 558 3039 edd.
573 2963 638 3028 post
655 2957 772 3024 Ιιιιιιιιι,
793 2957 883 3011 invisa
902 2959 968 3010 ante
987 2957 1089 3011 Baelo.

76 3032 160 3086 035.
170 3035 186 3084 1
202 3028 462 3086 estmemorandaf
460 3028 542 3082 acies.
598 3029 764 3098 9princeps
778 3031 915 3097 aequatus
930 3027 1090 3082 candidatis

73 3102 211 3168 Schwora,
230 3103 268 3156 K.
274 3103 317 3168 II,
339 3118 381 3170 pr.
404 3101 484 3154 caud.
504 3116 565 3168 aeq
586 3101 697 3166 Boebr,
720 3118 761 3169 pr.
786 3101 898 3169 equitus
921 3099 1090 3153 candidatus

73 3174 156 3240 AW,
177 3191 218 3242 pr.
243 3142 411 3227 candidatus
435 3171 546 3240 equitus
570 3173 598 3225 B
605 3172 725 3238 01⁷
753 3171 837 3224 simul
860 3172 950 3237 stans3
976 3187 1027 3224 coa
1028 3171 1091 3240 opat

74 3191 196 3299 inturirip
199 3245 236 3299 K.
243 3246 286 3311 ΙΙ,
305 3243 405 3297 similis
424 3243 572 3309 sectantis;
592 3213 670 3298 lr'caid
687 3243 792 3296 intueri
806 3244 916 3308 Barba,
934 3241 1091 3311 prinoipem

74 3317 229 3398 aequatum
247 3286 407 3369 candidatis
430 3317 459 3368 et
482 3313 609 3367 simulst
598 3315 706 3368 tantem
727 3314 831 3367 intueri
849 3314 887 3367 K
892 3283 918 3378 1',
942 3311 1090 3366 simulatus

74 3386 340 3471 intuentiam?
395 3390 428 3439 10
443 3385 648 3454 accipientibus
663 3403 713 3454 qur
705 3385 860 3439 'honorem
874 3385 978 3451 Lisia,
989 3385 1090 3439 Baebr.

76 3464 110 3512 20
125 3451 240 3512 nomina
254 3457 329 3512 suffr.
345 3457 480 3524 Soboefer,
495 3458 533 3511 Κ
539 3459 564 3511 Ι.
619 3462 652 3510 27
668 3458 762 3511 ornari
776 3457 825 3524 qui
839 3473 869 3510 se
884 3457 1026 3524 Selacosa,
1041 3455 1091 3523 qui

76 3547 134 3584 orn.
151 3545 181 3584 se
195 3531 295 3586 Baete.
352 3534 383 3582 29
399 3527 459 3582 Iam
472 3530 589 3594 Ηειινιι,
604 3529 641 3583 K.
648 3531 691 3595 ΙΙ,
705 3530 816 3596 Baete,
830 3527 904 3583 Nam
917 3529 1003 3593 codd,
1018 3497 1090 3597 balp.
