2458 3940
338 151 591 206 PANEGYRIOUS
611 158 771 208 111-11.
782 169 802 208 s.
1011 152 1075 217 379

61 315 149 380 idem
173 315 350 380 honoribus
373 315 492 380 nostris
516 315 708 401 suffragator
728 316 765 379 in
787 316 884 399 curia,
906 317 941 380 in
963 338 1076 400 campo

61 405 243 469 declarator
269 405 430 470 existeres.
470 403 570 487 Nam,
602 404 689 488 quod
720 406 750 469 ei
781 425 840 470 nos
872 406 1113 488 potissimume

60 494 168 558 mensi
199 493 385 578 attribuisti,
417 515 512 576 quem
544 497 620 557 tuus
651 494 767 558 natalis
801 498 948 578 exornat,
980 516 1077 577 quam

58 582 235 666 pulchrum
257 583 364 647 nobis!
388 581 505 665 quibus
529 581 643 665 edicte,
662 583 778 666 quibus
797 585 979 667 spectaculo
999 585 1077 648 cele-

31 671 159 738 111111
181 672 348 757 continget
371 671 455 736 diem
478 671 572 735 illum
595 672 716 755 triplici
735 671 852 757 gaudio
871 673 1002 756 laetum3
1021 673 1077 755 qui

59 760 243 844 prinoipem
261 760 396 824 abstulit
413 760 599 844 pessimum,
618 760 706 824 dedit
725 761 895 845 optimum,
912 761 1078 825 meliorem

61 849 189 933 optimo
217 850 337 935 genuit
372 847 443 913 Nos
470 848 530 914 sub
558 850 659 914 oculis
688 850 752 914 tuis
780 852 949 936 augustior
981 851 1112 914 solitos

61 959 176 1002 currus
199 938 344 1022 accipiet,
366 959 426 1002 nos
449 937 533 1001 inter
556 939 694 1003 secunda
717 939 825 1002 omina
853 942 886 1003 11
913 943 989 1003 vota
1013 961 1077 1004 cer·

60 1027 176 1110 tantia,
195 1048 276 1110 quae
294 1027 454 1111 praesenti
472 1027 534 1091 tibi
552 1027 763 1110 conferentur,
782 1027 936 1092 vehamur
958 1029 1077 1092 alacres

17 1143 46 1184 ro
60 1120 95 1180 et
119 1116 242 1199 incerti,
265 1138 304 1180 ex
327 1120 400 1180 utra
421 1119 512 1199 parte
534 1115 637 1180 maior
659 1115 789 1180 amibus
812 1118 931 1182 nostris
955 1117 1078 1182 accidat

61 1206 193 1270 clamor.
240 1203 343 1288 Super
378 1205 487 1268 omnia
524 1208 633 1269 tamen
662 1205 911 1288 praedicandum
943 1205 1130 1288 videtur,93

60 1294 152 1377 quod
168 1295 288 1378 pateris
307 1293 454 1359 eonsules
478 1314 555 1376 esse,
574 1315 655 1376 quos
673 1294 796 1378 fecisti,
814 1294 933 1378 quippe
951 1295 1078 1358 nullum

59 1383 252 1466 periculum,
274 1383 382 1447 nullus
404 1405 443 1446 ex
465 1382 609 1466 principe
628 1386 732 1447 metus
752 1384 934 1447 consulares
953 1384 1078 1447 animos

60 1471 213 1535 debilitat
236 1475 268 1536 et
290 1471 419 1557 frangit,
442 1470 525 1535 nihil
547 1471 658 1536 invitis
687 1471 890 1554 audiendum,
918 1472 1001 1536 nihil
1028 1493 1079 1536 co·

19 1561 146 1627 15316118
170 1560 402 1626 decernendum
426 1561 494 1625 erit.
531 1559 642 1624 Manet
660 1560 866 1644 manebitque
889 1561 1005 1625 honori
1028 1582 1080 1624 ve-

61 1649 188 1714 neratio
213 1671 279 1731 sua,
300 1671 360 1714 nec
379 1650 583 1714 securitatem
601 1651 793 1715 auctoritate
811 1650 988 1734 perdemus.
1020 1648 1078 1732 Ac,
1097 1666 1113 1713 a

63 1739 93 1803 si
116 1738 195 1820 quid
216 1737 300 1802 forte
323 1761 363 1803 ex
386 1739 571 1803 consulatus
598 1737 730 1825 fastigio
753 1739 852 1804 fuerit
875 1739 1078 1821 diminutum,

61 1831 176 1892 nostra
198 1828 277 1892 haec
300 1828 360 1891 erit
383 1828 487 1911 culpa,
504 1848 571 1891 non
594 1829 720 1893 saeculi.
752 1829 843 1894 Licet
866 1829 960 1912 enim,
981 1849 1079 1911 quan·

62 1920 136 1981 tum
163 1915 204 1978 ad
230 1917 421 2000 principem,
448 1917 524 1982 licet
552 1917 631 1981 tales
660 1918 806 1982 consules
834 1938 941 2003 agere,
969 1919 1079 2000 quales

21 2033 49 2072 so
64 2008 143 2069 ante
160 2005 320 2089 principes
339 2009 437 2069 erant.
460 2004 611 2070 Ullamne
628 2006 690 2070 tibi
708 2027 767 2090 pro
786 2006 949 2071 beneficiis
962 2006 1079 2070 referre
1099 2022 1114 2069 3

64 2095 204 2179 gratiam
222 2116 331 2178 parem
351 2095 544 2177 possumus?
567 2095 630 2158 nisi
649 2098 757 2158 tamen
780 2095 879 2177 illam,
899 2099 936 2158 ut
954 2115 1081 2176 semper

63 2204 126 2247 nos
149 2183 389 2248 meminerimus
413 2184 560 2248 consules
583 2183 683 2247 fuisse
707 2186 739 2246 11
766 2185 913 2246 consules
937 2186 1020 2264 tuos,
1044 2205 1081 2246 ea

63 2273 251 2356 sentiamus,
273 2294 310 2336 ea
329 2293 522 2354 censeamus,
541 2293 622 2354 quae
641 2272 862 2336 consularibus
882 2271 978 2357 digna
997 2274 1080 2354 sunt,

64 2362 112 2425 ita
136 2383 299 2424 versemur
321 2361 356 2424 in
378 2383 412 2424 re
435 2360 574 2444 publica,
597 2365 634 2424 ut
657 2360 821 2425 credamus
841 2381 909 2425 esse
932 2382 1000 2424 rem
1022 2382 1080 2444 pu-

24 2477 49 2517 11
65 2451 194 2533 blicam,
217 2470 284 2513 non
307 2451 477 2514 consilium
500 2453 656 2533 nostrum,
676 2471 743 2514 non
761 2471 891 2534 operam
915 2448 1115 2513 subtrahe-4

64 2559 139 2602 mus
157 2561 217 2604 nec
236 2538 403 2603 defunctos
421 2559 480 2602 nos
500 2541 533 2602 et
551 2539 643 2621 quasi
661 2539 809 2604 dimissos
829 2540 1006 2621 consulatu,
1024 2538 1080 2602 sed

66 2627 162 2711 quasi
184 2629 332 2693 astrictos
351 2630 384 2691 et
401 2628 566 2692 devinctos
585 2631 735 2710 putemus
755 2627 954 2709 eundemque
971 2627 1079 2690 locum

63 2717 186 2781 laboris
201 2719 233 2780 et
243 2738 336 2781 curae
346 2736 442 2798 quem
455 2717 652 2781 reverentiae
661 2717 892 2802 dignitatisque
906 2719 1080 2780 teneamus.

134 2803 174 2868 ln
186 2806 250 2869 fine
266 2805 419 2871 orationis
437 2806 597 2889 praesides
617 2805 828 2888 custodesque
847 2805 975 2889 imperii
989 2801 1133 2868 divos94

24 2921 52 2960 so
67 2915 130 2980 ego
154 2894 268 2959 consul
289 2916 349 2978 pro
371 2894 466 2959 rebus
491 2894 640 2958 humanis
668 2915 705 2959 ac
727 2898 759 2958 te
782 2895 965 2978 praecipue,
989 2891 1080 2976 Capi-

68 2982 172 3047 toline
194 2981 347 3068 Iuppiter,
370 3004 491 3067 precor,
514 2986 550 3047 ut
574 2983 737 3047 beneficiis
760 2984 825 3046 tuis
843 2983 950 3046 faveas
969 2983 1080 3046 tantis-

64 3074 132 3155 'que
146 3072 332 3137 muneribus
347 3073 443 3136 addas
457 3073 714 3156 perpetuitatem.
741 3069 880 3154 Audisti,
899 3093 980 3154 quae
994 3071 1079 3134 malo
1099 3087 1114 3133 a

140 3252 155 3298 2
174 3245 234 3300 Iam
248 3248 285 3302 K.
291 3248 334 3313 II,
348 3247 449 3301 Bcchr.
466 3278 498 3286 -
514 3247 540 3300 ei
554 3263 604 3299 nos
615 3245 748 3314 Schwarz,
759 3247 806 3312 K,
817 3246 928 3311 Baete,
943 3261 989 3298 eos
1003 3244 1079 3299 codd.

68 3323 100 3371 17
122 3317 224 3372 demin.
240 3319 322 3372 K.II
332 3325 393 3384 tac,
408 3320 443 3372 A.
503 3323 535 3371 21
556 3319 667 3371 tantum
682 3319 719 3372 K.
779 3323 813 3370 26
833 3317 979 3370 defunctos
994 3316 1079 3381 codd,

67 3391 156 3454 KH,
170 3389 281 3456 Basta,
300 3389 445 3443 deiunctae
459 3389 577 3453 Daeba,
592 3388 661 3441 K.I.
730 3393 764 3442 29
784 3387 861 3441 divos
881 3387 979 3457 (dives)
993 3387 1080 3453 codd,

67 3461 180 3527 Baelor,
196 3460 262 3514 deos
276 3463 358 3532 vulp,
368 3463 406 3515 K.
462 3464 495 3513 32
512 3459 587 3513 malo
602 3459 724 3529 principi
738 3466 795 3514 ant.
810 3460 879 3524 edd„
890 3459 958 3524 KJ,
969 3458 1080 3523 Baete,

67 3531 143 3585 malo
162 3532 289 3601 principe
307 3533 376 3586 mett.
396 3532 481 3597 codd„
500 3547 550 3601 pro
569 3549 605 3583 m.
624 3530 751 3600 principe
770 3531 833 3586 dett.
852 3530 939 3596 codd„
957 3530 1043 3583 K.II.
