2458 3940
164 125 229 189 314
599 125 627 180 C.
646 125 745 179 PLINI

128 289 383 354 moderatione
416 289 562 354 efficitur.
608 288 706 371 Nam,
738 294 775 354 ut
807 290 876 372 ipse
908 291 993 354 nolis
1024 310 1172 374 pugnare,
1217 367 1218 372 ἵ

166 377 353 460 moderatio,
374 378 532 442 fortitudo
555 381 611 441 tua
633 382 784 462 praestat,
811 382 848 443 ut
870 399 974 461 neque
996 379 1102 442 hostes
1123 380 1173 442 tui
1217 373 1218 416 l

164 466 273 532 velint.
310 463 459 549 Accipiet
482 489 557 552 ergo
580 467 751 550 aliquando
776 466 971 551 Capitolium
990 489 1055 532 non
1071 467 1173 530 mimi-

163 577 217 620 cos
241 577 353 620 currus
376 575 435 619 nec
456 556 557 620 falsae
580 555 751 621 simidaera
772 556 937 640 victoriae,
965 556 1020 620 sed
1041 557 1172 638 impera·
1217 617 1218 660 ,

163 648 266 708 torem
280 667 389 708 veram
403 665 440 708 ac
455 645 590 709 solidam
610 646 746 730 gloriam
760 649 979 728 reportantem
997 644 1173 727 tranquilli·
1197 675 1218 712 a

163 737 262 796 tatem
287 737 319 798 et
341 736 408 796 tam
431 733 576 798 confessa
595 733 738 798 hostium
757 734 920 818 obsequia,
942 738 980 798 ut
1002 733 1173 798 vincendus

127 840 145 886 4
163 843 257 887 nemo
275 823 381 886 fuerit.
413 821 584 886 Pulchrius
602 823 665 887 hoc
683 824 833 888 omnibus
851 823 1033 906 triumphis.
1061 820 1174 905 Neque

163 912 248 974 enim
271 932 425 994 umquam
443 912 507 976 nisi
526 933 564 976 ex
583 917 770 996 contemptu
788 913 915 996 imperii
933 912 1037 977 nostri
1053 911 1173 975 facturn

128 1004 222 1083 sest,
249 1003 286 1064 ut
309 1001 516 1065 vinceremus.
558 999 680 1076 Quodsi
707 1001 780 1084 quis
809 1001 963 1066 barbarus
989 1023 1046 1065 rex
1068 1021 1105 1064 ec
1126 1001 1175 1064 in·

164 1090 317 1154 solertiae
339 1089 521 1172 furorisque
544 1091 744 1172 processerit,
762 1094 799 1154 ut
820 1091 900 1154 iram
923 1093 1013 1154 tuam
1032 1088 1175 1174 indigna·
1188 1121 1209 1159 n

163 1179 347 1259 tionemque
375 1182 549 1261 mereatur,
572 1201 612 1242 ne
635 1180 704 1262 ille,
731 1179 798 1244 sive
825 1179 983 1243 interfuso
1010 1179 1093 1242 mari
1118 1199 1175 1242 seu
1217 1181 1218 1184 ’

164 1267 351 1332 fluminibus
376 1267 542 1332 immensis
570 1290 626 1332 seu
653 1267 823 1351 praecipiti
850 1271 960 1332 monte
988 1267 1178 1350 defenditur,

164 1357 273 1421 omnia
294 1356 374 1420 hacc
397 1359 464 1419 tam
483 1378 584 1439 prona
606 1361 737 1440 tamque
757 1357 902 1422 cedentia
919 1355 1093 1421 virtutibus
1111 1358 1177 1420 tuis
1217 1407 1218 1410 η

164 1446 288 1527 sentiet,
310 1449 347 1508 ut
370 1445 550 1509 subsedisse
573 1449 708 1530 montes,
730 1445 864 1510 flumina
886 1445 1057 1528 exaruisse,
1080 1446 1179 1510 inter-

164 1538 293 1617 ceptum
321 1556 408 1598 mare
435 1535 604 1617 illatasque
632 1534 694 1599 sibi
720 1556 787 1598 non
814 1537 931 1599 classes
958 1537 1095 1616 nostras,
1121 1535 1179 1598 sed
1193 1565 1214 1604 ιε,

164 1628 265 1688 terras
283 1623 370 1705 ipsas
393 1623 573 1687 arbitretur,
1217 1643 1218 1696 i

113 1709 157 1775 17
231 1709 352 1774 Videor
382 1712 447 1775 iam
479 1732 607 1776 cernere
638 1734 705 1776 non
736 1713 848 1795 spoliis
878 1711 1118 1796 provinciarum
1149 1719 1181 1776 et

165 1803 291 1863 extorto
315 1801 410 1864 sociis
433 1823 520 1884 auro,
544 1800 600 1865 sed
622 1801 796 1866 hostilibus
819 1801 917 1865 armis
946 1804 1182 1884 captorumque

129 1907 276 1974 aregum
300 1889 420 1952 catenis
444 1889 644 1972 triumphum
669 1912 808 1975 gravem,
825 1890 937 1954 videor
959 1891 1105 1975 ingentia
1124 1890 1183 1954 du·

165 1999 237 2043 cum
256 1978 387 2041 nomina
405 1999 465 2042 nec
483 1979 632 2043 indecora
649 1979 835 2044 nominibus
857 1999 992 2062 corpora
1008 1980 1185 2062 noscitare,

164 2067 275 2131 videor
297 2067 416 2131 intueri
436 2067 631 2133 immanibus
649 2068 736 2132 ausis
755 2069 963 2133 barbarorum
983 2073 1101 2132 onusta
1119 2069 1185 2132 fer-

165 2157 237 2220 cula
260 2160 292 2220 et
314 2178 372 2219 sua
395 2177 554 2239 quemque
573 2158 660 2221 facta
676 2157 794 2222 uinctis
813 2156 963 2221 manibus
982 2161 1187 2242 sequentem,

164 2266 240 2308 mox
254 2245 360 2328 ipsum
375 2248 407 2308 te
426 2246 598 2309 sublimem
612 2247 850 2329 instantemque
869 2265 964 2309 curru
983 2245 1186 2310 domitarum

165 2334 309 2419 gentium
333 2339 434 2419 tergo,
457 2338 530 2398 ante
555 2357 682 2399 currum
706 2338 814 2399 antem
842 2333 973 2419 clipeos,
999 2357 1083 2416 quos
1113 2337 1188 2419 ipse
1217 2333 1218 2386 l

129 2422 348 2505 eperioderis.
389 2420 458 2486 Nec
485 2423 546 2488 tibi
574 2425 682 2507 opima
701 2423 880 2507 defuerint,
908 2425 936 2488 si
963 2422 1035 2506 quis
1063 2447 1218 2510 regumn

164 2511 272 2574 venire
295 2512 329 2574 in
347 2533 461 2575 manus
481 2512 595 2576 audeat
612 2533 672 2577 nec
690 2512 786 2576 modo
806 2513 944 2576 telorum
963 2516 1109 2596 tucrum,
1129 2513 1189 2578 sed
1217 2565 1218 2568 η

166 2600 331 2665 oculorum
365 2601 461 2664 etiam
494 2601 717 2684 minarumque
745 2602 925 2666 coniectum
959 2605 1029 2665 tcto
1063 2624 1190 2688 campo

128 2707 146 2753 4
165 2693 298 2771 totoque
313 2690 454 2754 exercitu
465 2690 854 2773 oppositoperhorrescat.
873 2689 1192 2773 Meruistiproxima

166 2778 392 2862 moderatione,
415 2782 460 2861 ut,
484 2780 750 2863 quandocumque
773 2785 805 2844 te
828 2780 880 2844 rel
898 2779 1016 2844 inferre
1034 2782 1093 2844 vel
1113 2804 1192 2865 pro-

164 2867 291 2949 pulsare
305 2867 426 2931 bellum
442 2869 581 2953 cobgerit
595 2869 722 2951 imperii
737 2868 887 2954 dignitas,
895 2890 962 2932 non
975 2868 1047 2933 ideo
1064 2870 1191 2936 vicisse

163 2956 309 3039 videaris,
332 2959 369 3019 ut
391 2956 615 3040 triumphares,
639 2957 694 3021 sed
717 2957 925 3040 triumphare,
949 2958 1025 3040 quia
1053 2960 1188 3024 viceris.

113 3044 158 3110 18
230 3044 330 3109 Aliud
353 3067 392 3109 ex
415 3044 478 3109 alio
502 3047 583 3110 mihi
606 3046 753 3111 occurrit.
795 3045 898 3122 Quam
922 3046 1113 3129 speciosum
1142 3049 1190 3110 est

164 3134 260 3217 enim,
274 3133 361 3216 quod
380 3134 581 3218 disciplinam
601 3140 778 3200 castrorum
796 3134 921 3218 lapsam
937 3135 1188 3218 extinctamque

164 3223 309 3286 refovisti
332 3222 465 3305 depulso
493 3225 610 3306 prioris
635 3225 753 3289 saeculi
776 3223 872 3307 malo,
900 3224 1016 3288 inertia
1043 3229 1082 3288 et
1113 3245 1188 3290 con·

238 3365 271 3411 14
279 3360 437 3414 subsedisse
446 3379 459 3415 e
468 3363 563 3416 deterr.
574 3363 649 3417 codd.
660 3365 698 3417 K.
703 3363 746 3429 II,
755 3363 866 3429 Bccbr„
876 3361 980 3416 subsid.
985 3363 1090 3432 pleraq.
1099 3361 1188 3418 codd..

167 3428 393 3497 K.1;p,155.1a
419 3437 453 3484 23
466 3449 547 3486 curru
556 3434 895 3500 hermamonem.
921 3439 1091 3488 adnecnon
1101 3432 1188 3488 modo

169 3497 279 3563 Gesrrcr,
294 3500 361 3553 KJ.
416 3507 449 3553 33
467 3503 675 3572 extinctamque
689 3521 702 3558 e
716 3505 811 3560 detera
822 3507 898 3560 codd.
911 3505 959 3571 K,
968 3506 998 3558 et
1009 3505 1068 3559 ext.
1082 3505 1188 3562 Baetr-
