2482 3942
162 137 229 201 210
599 136 627 191 G.
646 136 743 190 PLINI

164 300 248 378 Quid
275 300 362 364 istud
390 300 430 363 ad
458 301 644 364 censentes?
672 320 752 383 quos
781 303 866 365 certe
893 321 960 364 non
987 299 1078 365 decet
1111 321 1182 364 om·
1227 251 1228 346 i

162 389 258 454 nibus
281 389 413 472 artibus,
436 389 525 453 omni
547 390 671 452 ratione
694 410 847 474 pugnare,
869 410 909 454 ne
932 389 998 472 fiat,
1017 389 1106 473 quod
1130 394 1183 454 est

161 479 281 543 mitius.
328 476 464 563 Oportet
486 482 595 542 tamen
618 499 681 562 eos,
710 479 765 561 qui
792 479 940 561 puniunt,
964 481 996 542 et
1019 479 1077 562 qui
1098 479 1182 543 rele-

226 571 249 651 t,
277 567 518 632 absolventibus
545 568 696 651 primum,
723 588 800 631 mox
822 567 906 630 inter
932 588 965 631 se
989 569 1180 651 comparari.
1227 559 1228 594 ³

162 590 301 740 {dilicet
324 660 361 720 ut
384 657 418 719 in
440 657 630 740 spectaculis
654 656 845 739 quibusdam
873 677 941 721 sors
965 657 1106 739 aliquem
1132 678 1179 721 se
1206 680 1228 719 5‘

161 746 254 830 ponit
277 767 314 810 ac
337 747 451 827 servat,
474 745 530 828 qui
554 766 627 809 cum
650 745 772 809 victore
797 745 978 829 contendat,
1002 747 1049 810 sic
1071 746 1107 809 in
1131 767 1180 810 se-

160 840 240 898 natu
263 838 339 899 sunt
361 834 469 916 eliqua
486 834 600 917 prima,
623 838 699 899 sunt
717 834 855 898 secunda
878 835 1062 918 certamina,
1085 838 1179 899 etex

162 923 286 987 duabus
314 922 481 988 sententiis
509 944 593 1007 eam,
622 944 703 1005 quae
730 923 875 1006 superior
900 924 1057 1006 extiterit,
1081 925 1180 988 tertia

107 1031 142 1078 aa
161 1015 317 1096 expectat.
364 1011 456 1095 Quid,
480 1011 567 1094 quod
588 1012 693 1095 prima
715 1013 874 1076 sententia
902 1013 1100 1095 conprobata
1129 1033 1178 1076 ce-
1227 1051 1228 1062 κ

161 1104 247 1166 teras
270 1100 493 1185 perimuntur?
530 1099 600 1177 Qua
623 1121 698 1186 ergo
721 1101 845 1164 ratione
868 1104 1066 1184 potestesse
1089 1122 1178 1166 nunc
1193 1126 1228 1180 a}

160 1212 244 1255 unus
274 1194 370 1274 atque
398 1189 482 1254 idem
510 1191 600 1253 locus
629 1190 874 1272 sententiarum,
903 1211 1038 1273 quarum
1066 1190 1177 1266 nullus
1227 1181 1228 1272 ]

106 1297 141 1345 23
162 1284 211 1345 est
232 1278 366 1363 postea?
400 1278 531 1343 Planius
554 1281 706 1362 repetam.
741 1277 815 1343 Nisi
838 1278 963 1342 dicente
982 1279 1177 1343 sententiam
1227 1315 1228 1318 κ

161 1391 208 1453 eo,
237 1369 293 1452 qui
320 1369 452 1453 relegat,
479 1367 537 1450 illi,
564 1367 620 1450 qui
646 1368 786 1451 puniunt
809 1368 923 1450 capite,
945 1368 1039 1431 initio
1064 1369 1177 1432 statim

160 1459 195 1521 in
217 1458 280 1521 alia
303 1455 476 1539 discedant,
498 1456 618 1521 frustra
639 1459 752 1539 postea
775 1456 964 1520 dissentient
987 1456 1027 1520 ab
1051 1478 1099 1539 eo,
1124 1459 1177 1521 cui
1227 1493 1228 1536 p

106 1563 141 1610 24
159 1547 256 1629 paulo
277 1548 350 1609 ante
369 1545 595 1609 consenserint.
630 1542 693 1608 Sed
712 1544 790 1627 quid
809 1567 868 1630 ego
888 1545 1002 1610 similis
1022 1545 1174 1610 docenti?
1190 1571 1214 1612 1⁵

161 1655 233 1700 cum
258 1633 378 1698 discere
400 1633 512 1717 velim,
535 1655 577 1696 an
600 1633 773 1698 sententias
798 1634 898 1698 dividi
920 1656 961 1697 an
988 1634 1029 1697 iri
1052 1635 1087 1697 in
1110 1635 1175 1699 sin·

159 1721 262 1874 tta
281 1719 1176 1895 ⁰tlll⁰¹limelbi¹tllrt¹¹illmt0tiu⁰1dat⁰idliil³

161 1899 466 1977 Quemadmodum
488 1900 635 1964 obtinui?
670 1861 712 1983 Ii,
736 1901 791 1983 qui
809 1902 960 1966 ultimum
979 1901 1175 1985 supplicium

160 1988 350 2053 sumendum
374 2011 442 2054 esse
466 1989 628 2072 censebat,
655 1991 763 2053 nescio
788 2012 829 2053 an
851 1990 934 2074 iure,
957 1994 1042 2055 certe
1065 1991 1174 2074 aequi·
1189 2017 1213 2056 a

160 2081 227 2142 tate
258 2078 485 2161 postulationis
516 2100 606 2141 meae
637 2079 741 2142 victus
774 2079 892 2144 omissa
924 2080 1083 2144 sententia
1116 2101 1175 2144 sua

160 2167 294 2232 accessit
320 2167 477 2253 relegenti
504 2167 625 2231 veritus
654 2167 790 2251 scilicet,
817 2191 872 2251 ne,
899 2169 927 2232 si
955 2169 1174 2232 dividerentur

160 2257 346 2340 sententiae,
374 2255 461 2339 quod
487 2256 608 2339 alioqui
635 2256 704 2320 fore
731 2256 908 2341 videbatur,
936 2280 982 2340 ea,
1010 2279 1091 2340 quae
1119 2257 1175 2321 ab·

161 2345 329 2409 solvendos
357 2366 426 2409 esse
454 2345 612 2429 censebat,
638 2367 772 2409 numero
800 2347 1004 2430 praevaleret.
1040 2345 1172 2411 Etenim

158 2435 256 2520 longe
287 2435 395 2517 plures
427 2433 463 2497 in
493 2433 554 2499 hac
589 2455 654 2498 una
686 2456 783 2518 quam
815 2436 850 2499 in
879 2435 1002 2500 duabus
1035 2435 1172 2522 singulis
1187 2462 1211 2500 ιε

105 2539 140 2588 aa
161 2527 259 2587 erant.
296 2522 379 2587 Tum
402 2523 451 2586 illi
470 2544 609 2607 quoque,
629 2524 685 2606 qui
708 2524 898 2588 auctoritate
917 2525 984 2588 eius
1003 2522 1172 2589 traheban-

160 2617 226 2694 tur,
257 2615 443 2676 transeunte
475 2612 531 2676 illo
567 2611 713 2677 destituti
744 2613 943 2695 reliquenmt
980 2615 1171 2678 sententiam

160 2701 200 2765 ab
224 2701 295 2785 ipso
319 2704 448 2764 auctore
477 2700 634 2765 desertam
658 2701 823 2784 secutique
846 2706 921 2765 sunt
949 2701 1041 2785 quasi
1069 2706 1171 2767 trans

106 2805 141 2854 26
159 2789 280 2874 fugam,
306 2811 400 2872 quem
424 2789 537 2853 ducem
561 2790 784 2873 sequebantur.
821 2787 875 2855 Sic
903 2811 942 2854 ex
970 2791 1073 2855 tribus
1102 2813 1173 2856 seu-

160 2879 270 2943 tentiis
299 2877 379 2942 duae
405 2877 519 2961 factae,
546 2880 713 2962 tenuitque
742 2901 780 2942 ex
805 2879 928 2944 duabus
953 2879 1053 2944 altera
1076 2882 1172 2944 tertia
1186 2907 1211 2946 su

160 2967 302 3051 expulsa,
326 2989 416 3050 quae,
439 2988 512 3032 cum
535 2966 645 3031 ambas
669 2989 818 3051 superare
840 2990 906 3032 non
928 2973 1046 3052 posset,
1065 2969 1173 3056 elegit,

160 3057 200 3120 ab
224 3058 297 3119 utra
318 3057 507 3120 vinceretur.
552 3053 641 3120 Vale.

233 3251 249 3298 8
272 3245 371 3300 exierit
390 3249 497 3303 Badeo.
516 3267 543 3315 a,
564 3247 699 3304 osseos.
800 3253 833 3303 10
856 3265 958 3318 peram.
980 3251 1024 3316 M,
1038 3251 1109 3304 KJ.
1139 3284 1169 3292 -

160 3333 235 3369 nunc
257 3317 391 3384 Setuefer,
414 3335 470 3372 non
490 3321 560 3386 Ma,
580 3321 627 3387 K„
646 3321 695 3376 del.
715 3322 762 3375 ull.
871 3327 903 3375 19
926 3321 953 3375 Is
976 3321 1025 3390 qui
1043 3323 1121 3377 Bud.
1140 3342 1171 3390 a,

164 3387 225 3442 Otto
239 3391 300 3452 304,
318 3387 341 3440 is
360 3405 411 3444 om.
432 3391 474 3456 M,
489 3391 527 3444 K.
