<?xml version="1.0" encoding="UTF-8"?>
<!DOCTYPE html PUBLIC "-//W3C//DTD XHTML 1.0 Transitional//EN"
    "http://www.w3.org/TR/xhtml1/DTD/xhtml1-transitional.dtd">
<html xmlns="http://www.w3.org/1999/xhtml" xml:lang="en" lang="en">
 <head>
  <title>
</title>
<meta http-equiv="Content-Type" content="text/html;charset=utf-8" />
  <meta name='ocr-system' content='tesseract 3.04.00' />
  <meta name='ocr-capabilities' content='ocr_page ocr_carea ocr_par ocr_line ocrx_word'/>
</head>
<body>
  <div class='ocr_page' id='page_1' title='image "./cplinicaecilise00mlgoog_0378.png"; bbox 0 0 2458 3940; ppageno 0'>
   <div class='ocr_carea' id='block_1_1' title="bbox 335 140 1079 207">
    <p class='ocr_par' dir='ltr' id='par_1_1' title="bbox 335 140 1079 207">
     <span class='ocr_line' id='line_1_1' title="bbox 335 140 1079 207; baseline 0.017 -13"><span class='ocrx_word' id='word_1_1' title='bbox 335 140 589 196; x_wconf 76' lang='lat' dir='ltr'><strong>PANEGYRIOUS</strong></span> <span class='ocrx_word' id='word_1_2' title='bbox 609 147 716 196; x_wconf 79' lang='lat' dir='ltr'><strong>ros-</strong></span> <span class='ocrx_word' id='word_1_3' title='bbox 729 146 800 196; x_wconf 79' lang='lat' dir='ltr'><strong>res.</strong></span> <span class='ocrx_word' id='word_1_4' title='bbox 1012 143 1079 207; x_wconf 84' lang='grc'><strong>367</strong></span> 
     </span>
    </p>
   </div>
   <div class='ocr_carea' id='block_1_2' title="bbox 15 302 1133 3060">
    <p class='ocr_par' dir='ltr' id='par_1_2' title="bbox 15 302 1133 3060">
     <span class='ocr_line' id='line_1_2' title="bbox 62 302 1081 390; baseline 0.002 -22"><span class='ocrx_word' id='word_1_5' title='bbox 62 305 160 369; x_wconf 88' lang='lat' dir='ltr'><strong>breve</strong></span> <span class='ocrx_word' id='word_1_6' title='bbox 184 308 216 368; x_wconf 92' lang='lat' dir='ltr'><strong>et</strong></span> <span class='ocrx_word' id='word_1_7' title='bbox 238 303 352 390; x_wconf 74' lang='lat' dir='ltr'><strong>fragile</strong></span> <span class='ocrx_word' id='word_1_8' title='bbox 376 307 432 368; x_wconf 92' lang='lat' dir='ltr'><strong>est.</strong></span> <span class='ocrx_word' id='word_1_9' title='bbox 469 302 582 388; x_wconf 77' lang='lat' dir='ltr'><strong>Itaque</strong></span> <span class='ocrx_word' id='word_1_10' title='bbox 606 305 764 388; x_wconf 89' lang='lat' dir='ltr'><strong>optimum</strong></span> <span class='ocrx_word' id='word_1_11' title='bbox 785 327 943 388; x_wconf 88' lang='lat' dir='ltr'><strong>quemque</strong></span> <span class='ocrx_word' id='word_1_12' title='bbox 966 306 1028 370; x_wconf 90' lang='lat' dir='ltr'><strong>niti</strong></span> <span class='ocrx_word' id='word_1_13' title='bbox 1047 310 1081 370; x_wconf 90' lang='lat' dir='ltr'><strong>et</strong></span> 
     </span>
     <span class='ocr_line' id='line_1_3' title="bbox 63 394 1079 479; baseline 0.001 -21"><span class='ocrx_word' id='word_1_14' title='bbox 63 395 255 459; x_wconf 89' lang='lat' dir='ltr'><strong>contendere</strong></span> <span class='ocrx_word' id='word_1_15' title='bbox 275 394 374 476; x_wconf 89' lang='lat' dir='ltr'><strong>decet,</strong></span> <span class='ocrx_word' id='word_1_16' title='bbox 392 395 428 456; x_wconf 91' lang='lat' dir='ltr'><strong>ut</strong></span> <span class='ocrx_word' id='word_1_17' title='bbox 446 397 521 477; x_wconf 88' lang='lat' dir='ltr'><strong>post</strong></span> <span class='ocrx_word' id='word_1_18' title='bbox 540 415 573 457; x_wconf 87' lang='lat' dir='ltr'><strong>ee</strong></span> <span class='ocrx_word' id='word_1_19' title='bbox 593 415 720 478; x_wconf 89' lang='lat' dir='ltr'><strong>quoque</strong></span> <span class='ocrx_word' id='word_1_20' title='bbox 734 394 781 457; x_wconf 92' lang='lat' dir='ltr'><strong>rei</strong></span> <span class='ocrx_word' id='word_1_21' title='bbox 799 394 947 478; x_wconf 82' lang='lat' dir='ltr'><strong>publicae</strong></span> <span class='ocrx_word' id='word_1_22' title='bbox 966 396 1079 479; x_wconf 91' lang='lat' dir='ltr'><strong>prosit,</strong></span> 
     </span>
     <span class='ocr_line' id='line_1_4' title="bbox 63 482 1078 567; baseline 0.002 -21"><span class='ocrx_word' id='word_1_23' title='bbox 63 483 293 547; x_wconf 74' lang='lat' dir='ltr'><strong>moderationis</strong></span> <span class='ocrx_word' id='word_1_24' title='bbox 329 483 452 548; x_wconf 90' lang='lat' dir='ltr'><strong>scilicet</strong></span> <span class='ocrx_word' id='word_1_25' title='bbox 487 482 693 565; x_wconf 80' lang='lat' dir='ltr'><strong>iustitiaeque</strong></span> <span class='ocrx_word' id='word_1_26' title='bbox 730 483 959 566; x_wconf 74' lang='lat' dir='ltr'><strong>monumentis,</strong></span> <span class='ocrx_word' id='word_1_27' title='bbox 997 505 1078 567; x_wconf 89' lang='lat' dir='ltr'><strong>qnee</strong></span> 
     </span>
     <span class='ocr_line' id='line_1_5' title="bbox 62 570 1115 656; baseline 0.001 -20"><span class='ocrx_word' id='word_1_28' title='bbox 62 573 204 656; x_wconf 81' lang='lat' dir='ltr'><strong>plurime</strong></span> <span class='ocrx_word' id='word_1_29' title='bbox 228 575 366 636; x_wconf 80' lang='lat' dir='ltr'><strong>statuere</strong></span> <span class='ocrx_word' id='word_1_30' title='bbox 390 573 502 636; x_wconf 89' lang='lat' dir='ltr'><strong>consul</strong></span> <span class='ocrx_word' id='word_1_31' title='bbox 529 575 644 654; x_wconf 90' lang='lat' dir='ltr'><strong>potest.</strong></span> <span class='ocrx_word' id='word_1_32' title='bbox 681 570 770 635; x_wconf 78' lang='lat' dir='ltr'><strong>Haec</strong></span> <span class='ocrx_word' id='word_1_33' title='bbox 797 593 912 656; x_wconf 87' lang='lat' dir='ltr'>nempe</span> <span class='ocrx_word' id='word_1_34' title='bbox 940 573 1115 637; x_wconf 80' lang='lat' dir='ltr'><strong>intenti03</strong></span> 
     </span>
     <span class='ocr_line' id='line_1_6' title="bbox 37 659 1078 747; baseline -0.001 -20"><span class='ocrx_word' id='word_1_35' title='bbox 37 666 130 745; x_wconf 75' lang='lat' dir='ltr'><strong>etue,</strong></span> <span class='ocrx_word' id='word_1_36' title='bbox 152 665 190 724; x_wconf 91' lang='lat' dir='ltr'><strong>ut</strong></span> <span class='ocrx_word' id='word_1_37' title='bbox 211 661 393 725; x_wconf 83' lang='lat' dir='ltr'><strong>libertatem</strong></span> <span class='ocrx_word' id='word_1_38' title='bbox 416 681 546 724; x_wconf 81' lang='lat' dir='ltr'><strong>revoces</strong></span> <span class='ocrx_word' id='word_1_39' title='bbox 570 683 607 726; x_wconf 86' lang='lat' dir='ltr'><strong>eo</strong></span> <span class='ocrx_word' id='word_1_40' title='bbox 625 661 765 726; x_wconf 81' lang='lat' dir='ltr'><strong>reduces.</strong></span> <span class='ocrx_word' id='word_1_41' title='bbox 804 659 906 737; x_wconf 80' lang='lat' dir='ltr'><strong>Quem</strong></span> <span class='ocrx_word' id='word_1_42' title='bbox 925 683 1002 747; x_wconf 84' lang='lat' dir='ltr'><strong>ergo</strong></span> <span class='ocrx_word' id='word_1_43' title='bbox 1021 663 1078 726; x_wconf 94' lang='lat' dir='ltr'><strong>ho-</strong></span> 
     </span>
     <span class='ocr_line' id='line_1_7' title="bbox 61 750 1078 836; baseline 0.002 -23"><span class='ocrx_word' id='word_1_44' title='bbox 61 771 177 814; x_wconf 86' lang='lat' dir='ltr'><strong>norem</strong></span> <span class='ocrx_word' id='word_1_45' title='bbox 209 750 312 836; x_wconf 79' lang='lat' dir='ltr'><strong>magis</strong></span> <span class='ocrx_word' id='word_1_46' title='bbox 344 771 464 832; x_wconf 82' lang='lat' dir='ltr'><strong>emere,</strong></span> <span class='ocrx_word' id='word_1_47' title='bbox 497 750 583 832; x_wconf 92' lang='lat' dir='ltr'><strong>quod</strong></span> <span class='ocrx_word' id='word_1_48' title='bbox 615 771 733 814; x_wconf 93' lang='lat' dir='ltr'><strong>nomen</strong></span> <span class='ocrx_word' id='word_1_49' title='bbox 765 771 918 834; x_wconf 84' lang='lat' dir='ltr'><strong>usurpare</strong></span> <span class='ocrx_word' id='word_1_50' title='bbox 951 751 1078 835; x_wconf 81' lang='lat' dir='ltr'><strong>saepius</strong></span> 
     </span>
     <span class='ocr_line' id='line_1_8' title="bbox 63 838 1078 922; baseline 0.003 -20"><span class='ocrx_word' id='word_1_51' title='bbox 63 839 170 922; x_wconf 86' lang='lat' dir='ltr'><strong>debes,</strong></span> <span class='ocrx_word' id='word_1_52' title='bbox 193 860 290 922; x_wconf 86' lang='lat' dir='ltr'><strong>quem</strong></span> <span class='ocrx_word' id='word_1_53' title='bbox 313 838 400 922; x_wconf 92' lang='lat' dir='ltr'><strong>quod</strong></span> <span class='ocrx_word' id='word_1_54' title='bbox 418 839 558 921; x_wconf 91' lang='lat' dir='ltr'><strong>primum</strong></span> <span class='ocrx_word' id='word_1_55' title='bbox 577 839 701 904; x_wconf 89' lang='lat' dir='ltr'><strong>invenit</strong></span> <span class='ocrx_word' id='word_1_56' title='bbox 718 843 906 922; x_wconf 77' lang='lat' dir='ltr'><strong>recuperata</strong></span> <span class='ocrx_word' id='word_1_57' title='bbox 923 839 1078 905; x_wconf 76' lang='lat' dir='ltr'><strong>libertos?</strong></span> 
     </span>
     <span class='ocr_line' id='line_1_9' title="bbox 60 926 1114 1012; baseline 0.001 -20"><span class='ocrx_word' id='word_1_58' title='bbox 60 926 95 992; x_wconf 92' lang='lat' dir='ltr'>N</span> <span class='ocrx_word' id='word_1_59' title='bbox 96 949 141 992; x_wconf 93' lang='lat' dir='ltr'><strong>on</strong></span> <span class='ocrx_word' id='word_1_60' title='bbox 163 931 212 991; x_wconf 88' lang='lat' dir='ltr'><strong>est</strong></span> <span class='ocrx_word' id='word_1_61' title='bbox 234 929 340 992; x_wconf 90' lang='lat' dir='ltr'><strong>minus</strong></span> <span class='ocrx_word' id='word_1_62' title='bbox 359 927 453 992; x_wconf 74' lang='lat' dir='ltr'><strong>civile</strong></span> <span class='ocrx_word' id='word_1_63' title='bbox 476 932 509 992; x_wconf 90' lang='lat' dir='ltr'><strong>et</strong></span> <span class='ocrx_word' id='word_1_64' title='bbox 526 927 705 1012; x_wconf 89' lang='lat' dir='ltr'><strong>principem</strong></span> <span class='ocrx_word' id='word_1_65' title='bbox 724 950 792 992; x_wconf 89' lang='lat' dir='ltr'><strong>esse</strong></span> <span class='ocrx_word' id='word_1_66' title='bbox 811 929 930 1011; x_wconf 83' lang='lat' dir='ltr'><strong>pariter</strong></span> <span class='ocrx_word' id='word_1_67' title='bbox 953 932 985 992; x_wconf 90' lang='lat' dir='ltr'><strong>et</strong></span> <span class='ocrx_word' id='word_1_68' title='bbox 1003 951 1077 993; x_wconf 90' lang='lat' dir='ltr'><strong>con·</strong></span> <span class='ocrx_word' id='word_1_69' title='bbox 1096 947 1114 994; x_wconf 89' lang='lat'>4</span> 
     </span>
     <span class='ocr_line' id='line_1_10' title="bbox 62 1016 1113 1100; baseline 0.004 -20"><span class='ocrx_word' id='word_1_70' title='bbox 62 1017 167 1080; x_wconf 90' lang='lat' dir='ltr'><strong>sulem</strong></span> <span class='ocrx_word' id='word_1_71' title='bbox 191 1039 287 1100; x_wconf 87' lang='lat' dir='ltr'><strong>quem</strong></span> <span class='ocrx_word' id='word_1_72' title='bbox 309 1021 433 1080; x_wconf 81' lang='lat' dir='ltr'><strong>tantum</strong></span> <span class='ocrx_word' id='word_1_73' title='bbox 465 1018 637 1082; x_wconf 91' lang='lat' dir='ltr'><strong>consulem.</strong></span> <span class='ocrx_word' id='word_1_74' title='bbox 674 1016 767 1080; x_wconf 85' lang='lat' dir='ltr'><strong>Hebe</strong></span> <span class='ocrx_word' id='word_1_75' title='bbox 795 1018 891 1080; x_wconf 87' lang='lat' dir='ltr'><strong>etiem</strong></span> <span class='ocrx_word' id='word_1_76' title='bbox 919 1019 1113 1084; x_wconf 80' lang='lat' dir='ltr'><strong>rationem5</strong></span> 
     </span>
     <span class='ocr_line' id='line_1_11' title="bbox 23 1105 1078 1191; baseline -0.005 -16"><span class='ocrx_word' id='word_1_77' title='bbox 23 1135 47 1174; x_wconf 86' lang='lat' dir='ltr'><strong>ro</strong></span> <span class='ocrx_word' id='word_1_78' title='bbox 61 1105 273 1170; x_wconf 80' lang='lat' dir='ltr'><strong>verecundiae</strong></span> <span class='ocrx_word' id='word_1_79' title='bbox 305 1107 500 1190; x_wconf 80' lang='lat' dir='ltr'><strong>collegarum</strong></span> <span class='ocrx_word' id='word_1_80' title='bbox 532 1110 676 1190; x_wconf 91' lang='lat' dir='ltr'><strong>tuorum,</strong></span> <span class='ocrx_word' id='word_1_81' title='bbox 709 1107 904 1191; x_wconf 83' lang='lat' dir='ltr'><strong>collegarum</strong></span> <span class='ocrx_word' id='word_1_82' title='bbox 932 1107 1078 1190; x_wconf 72' lang='lat' dir='ltr'><strong>inquam,</strong></span> 
     </span>
     <span class='ocr_line' id='line_1_12' title="bbox 59 1193 1115 1279; baseline 0.002 -21"><span class='ocrx_word' id='word_1_83' title='bbox 59 1196 109 1259; x_wconf 81' lang='lat' dir='ltr'><strong>ita</strong></span> <span class='ocrx_word' id='word_1_84' title='bbox 139 1195 225 1258; x_wconf 92' lang='lat' dir='ltr'><strong>enim</strong></span> <span class='ocrx_word' id='word_1_85' title='bbox 253 1199 285 1258; x_wconf 91' lang='lat' dir='ltr'><strong>et</strong></span> <span class='ocrx_word' id='word_1_86' title='bbox 312 1196 380 1279; x_wconf 90' lang='lat' dir='ltr'><strong>ipse</strong></span> <span class='ocrx_word' id='word_1_87' title='bbox 406 1195 548 1278; x_wconf 89' lang='lat' dir='ltr'><strong>loqueris</strong></span> <span class='ocrx_word' id='word_1_88' title='bbox 576 1199 609 1259; x_wconf 90' lang='lat' dir='ltr'><strong>et</strong></span> <span class='ocrx_word' id='word_1_89' title='bbox 635 1217 694 1260; x_wconf 91' lang='lat' dir='ltr'><strong>nos</strong></span> <span class='ocrx_word' id='word_1_90' title='bbox 721 1195 813 1278; x_wconf 88' lang='lat' dir='ltr'><strong>loqui</strong></span> <span class='ocrx_word' id='word_1_91' title='bbox 839 1196 897 1259; x_wconf 87' lang='lat' dir='ltr'><strong>ris.</strong></span> <span class='ocrx_word' id='word_1_92' title='bbox 935 1193 1115 1260; x_wconf 78' lang='lat' dir='ltr'><strong>Oneroeec</strong></span> 
     </span>
     <span class='ocr_line' id='line_1_13' title="bbox 60 1283 1076 1368; baseline 0 -20"><span class='ocrx_word' id='word_1_93' title='bbox 60 1284 126 1348; x_wconf 86' lang='lat' dir='ltr'><strong>erit</strong></span> <span class='ocrx_word' id='word_1_94' title='bbox 148 1283 322 1348; x_wconf 81' lang='lat' dir='ltr'><strong>modestice</strong></span> <span class='ocrx_word' id='word_1_95' title='bbox 345 1285 475 1349; x_wconf 90' lang='lat' dir='ltr'><strong>illorum</strong></span> <span class='ocrx_word' id='word_1_96' title='bbox 498 1285 586 1349; x_wconf 90' lang='lat' dir='ltr'><strong>tertii</strong></span> <span class='ocrx_word' id='word_1_97' title='bbox 609 1284 794 1348; x_wconf 81' lang='lat' dir='ltr'><strong>consulatus</strong></span> <span class='ocrx_word' id='word_1_98' title='bbox 818 1285 867 1348; x_wconf 89' lang='lat' dir='ltr'><strong>sui</strong></span> <span class='ocrx_word' id='word_1_99' title='bbox 888 1283 1076 1368; x_wconf 84' lang='lat' dir='ltr'><strong>recordatio,</strong></span> 
     </span>
     <span class='ocr_line' id='line_1_14' title="bbox 61 1371 1078 1457; baseline 0 -20"><span class='ocrx_word' id='word_1_100' title='bbox 61 1374 166 1437; x_wconf 87' lang='lat' dir='ltr'><strong>donec</strong></span> <span class='ocrx_word' id='word_1_101' title='bbox 181 1375 213 1436; x_wconf 92' lang='lat' dir='ltr'><strong>te</strong></span> <span class='ocrx_word' id='word_1_102' title='bbox 232 1373 359 1457; x_wconf 82' lang='lat' dir='ltr'><strong>saepius</strong></span> <span class='ocrx_word' id='word_1_103' title='bbox 378 1374 540 1438; x_wconf 88' lang='lat' dir='ltr'><strong>consulem</strong></span> <span class='ocrx_word' id='word_1_104' title='bbox 559 1373 696 1438; x_wconf 78' lang='lat' dir='ltr'><strong>videant.</strong></span> <span class='ocrx_word' id='word_1_105' title='bbox 731 1371 846 1456; x_wconf 88' lang='lat' dir='ltr'><strong>Neque</strong></span> <span class='ocrx_word' id='word_1_106' title='bbox 865 1375 949 1437; x_wconf 92' lang='lat' dir='ltr'><strong>enim</strong></span> <span class='ocrx_word' id='word_1_107' title='bbox 968 1377 1078 1457; x_wconf 88' lang='lat' dir='ltr'><strong>potest</strong></span> 
     </span>
     <span class='ocr_line' id='line_1_15' title="bbox 60 1461 1074 1547; baseline 0.001 -22"><span class='ocrx_word' id='word_1_108' title='bbox 60 1484 130 1526; x_wconf 92' lang='lat' dir='ltr'><strong>non</strong></span> <span class='ocrx_word' id='word_1_109' title='bbox 161 1461 298 1525; x_wconf 90' lang='lat' dir='ltr'><strong>nimium</strong></span> <span class='ocrx_word' id='word_1_110' title='bbox 331 1484 399 1527; x_wconf 91' lang='lat' dir='ltr'><strong>esee</strong></span> <span class='ocrx_word' id='word_1_111' title='bbox 430 1463 574 1547; x_wconf 86' lang='lat' dir='ltr'><strong>privatis,</strong></span> <span class='ocrx_word' id='word_1_112' title='bbox 606 1463 693 1547; x_wconf 93' lang='lat' dir='ltr'><strong>quod</strong></span> <span class='ocrx_word' id='word_1_113' title='bbox 728 1462 867 1546; x_wconf 84' lang='lat' dir='ltr'><strong>principi</strong></span> <span class='ocrx_word' id='word_1_114' title='bbox 904 1463 981 1526; x_wconf 84' lang='lat' dir='ltr'><strong>setis</strong></span> <span class='ocrx_word' id='word_1_115' title='bbox 1018 1467 1074 1528; x_wconf 89' lang='lat' dir='ltr'><strong>est.</strong></span> 
     </span>
     <span class='ocr_line' id='line_1_16' title="bbox 21 1549 1076 1636; baseline -0.005 -15"><span class='ocrx_word' id='word_1_116' title='bbox 21 1581 46 1620; x_wconf 78' lang='grc' dir='ltr'><strong>ιι</strong></span> <span class='ocrx_word' id='word_1_117' title='bbox 60 1550 206 1634; x_wconf 79' lang='lat' dir='ltr'><strong>Adnues,</strong></span> <span class='ocrx_word' id='word_1_118' title='bbox 221 1549 344 1634; x_wconf 82' lang='lat' dir='ltr'><strong>Oeeser,</strong></span> <span class='ocrx_word' id='word_1_119' title='bbox 352 1552 553 1636; x_wconf 84' lang='lat' dir='ltr'><strong>optantibus,</strong></span> <span class='ocrx_word' id='word_1_120' title='bbox 573 1552 753 1635; x_wconf 86' lang='lat' dir='ltr'><strong>quibusque</strong></span> <span class='ocrx_word' id='word_1_121' title='bbox 772 1551 858 1635; x_wconf 82' lang='lat' dir='ltr'><strong>apud</strong></span> <span class='ocrx_word' id='word_1_122' title='bbox 871 1552 947 1616; x_wconf 91' lang='lat' dir='ltr'><strong>deos</strong></span> <span class='ocrx_word' id='word_1_123' title='bbox 966 1552 1076 1616; x_wconf 81' lang='lat' dir='ltr'><strong>edesse</strong></span> 
     </span>
     <span class='ocr_line' id='line_1_17' title="bbox 60 1641 1075 1726; baseline -0.001 -21"><span class='ocrx_word' id='word_1_124' title='bbox 60 1641 234 1723; x_wconf 77' lang='lat' dir='ltr'><strong>consuesti,</strong></span> <span class='ocrx_word' id='word_1_125' title='bbox 253 1662 391 1723; x_wconf 90' lang='lat' dir='ltr'><strong>quorum</strong></span> <span class='ocrx_word' id='word_1_126' title='bbox 409 1645 501 1726; x_wconf 80' lang='lat' dir='ltr'><strong>potes</strong></span> <span class='ocrx_word' id='word_1_127' title='bbox 521 1642 590 1724; x_wconf 91' lang='lat' dir='ltr'><strong>ipse</strong></span> <span class='ocrx_word' id='word_1_128' title='bbox 608 1645 766 1724; x_wconf 86' lang='lat' dir='ltr'><strong>votorum,</strong></span> <span class='ocrx_word' id='word_1_129' title='bbox 786 1645 950 1725; x_wconf 91' lang='lat' dir='ltr'><strong>compotes</strong></span> <span class='ocrx_word' id='word_1_130' title='bbox 967 1641 1075 1705; x_wconf 77' lang='lat' dir='ltr'><strong>facies.</strong></span> 
     </span>
     <span class='ocr_line' id='line_1_18' title="bbox 60 1728 1133 1813; baseline 0.004 -21"><span class='ocrx_word' id='word_1_131' title='bbox 60 1729 138 1792; x_wconf 80' lang='lat' dir='ltr'><strong>Tibi</strong></span> <span class='ocrx_word' id='word_1_132' title='bbox 152 1728 287 1793; x_wconf 82' lang='lat' dir='ltr'><strong>fortusse</strong></span> <span class='ocrx_word' id='word_1_133' title='bbox 302 1729 442 1794; x_wconf 87' lang='lat' dir='ltr'><strong>sufficiat</strong></span> <span class='ocrx_word' id='word_1_134' title='bbox 455 1731 569 1794; x_wconf 90' lang='lat' dir='ltr'><strong>tertius</strong></span> <span class='ocrx_word' id='word_1_135' title='bbox 584 1731 779 1813; x_wconf 74' lang='lat' dir='ltr'><strong>consulatue,</strong></span> <span class='ocrx_word' id='word_1_136' title='bbox 802 1731 858 1794; x_wconf 90' lang='lat' dir='ltr'><strong>sed</strong></span> <span class='ocrx_word' id='word_1_137' title='bbox 875 1731 969 1794; x_wconf 90' lang='lat' dir='ltr'><strong>nobie</strong></span> <span class='ocrx_word' id='word_1_138' title='bbox 983 1733 1076 1794; x_wconf 82' lang='lat' dir='ltr'><strong>tanto</strong></span> <span class='ocrx_word' id='word_1_139' title='bbox 1085 1729 1133 1796; x_wconf 77' lang='lat'><strong>79</strong></span> 
     </span>
     <span class='ocr_line' id='line_1_19' title="bbox 60 1818 1078 1903; baseline 0 -20"><span class='ocrx_word' id='word_1_140' title='bbox 60 1819 171 1883; x_wconf 79' lang='lat' dir='ltr'><strong>minus</strong></span> <span class='ocrx_word' id='word_1_141' title='bbox 186 1818 314 1882; x_wconf 83' lang='lat' dir='ltr'><strong>sufficit.</strong></span> <span class='ocrx_word' id='word_1_142' title='bbox 339 1818 399 1883; x_wconf 88' lang='lat' dir='ltr'><strong>llle</strong></span> <span class='ocrx_word' id='word_1_143' title='bbox 417 1841 476 1884; x_wconf 90' lang='lat' dir='ltr'><strong>nos</strong></span> <span class='ocrx_word' id='word_1_144' title='bbox 494 1820 637 1884; x_wconf 85' lang='lat' dir='ltr'><strong>instituit</strong></span> <span class='ocrx_word' id='word_1_145' title='bbox 656 1824 688 1884; x_wconf 89' lang='lat' dir='ltr'><strong>et</strong></span> <span class='ocrx_word' id='word_1_146' title='bbox 706 1820 841 1903; x_wconf 89' lang='lat' dir='ltr'><strong>induxit,</strong></span> <span class='ocrx_word' id='word_1_147' title='bbox 855 1823 892 1884; x_wconf 92' lang='lat' dir='ltr'><strong>ut</strong></span> <span class='ocrx_word' id='word_1_148' title='bbox 910 1825 942 1884; x_wconf 91' lang='lat' dir='ltr'><strong>te</strong></span> <span class='ocrx_word' id='word_1_149' title='bbox 960 1821 1078 1884; x_wconf 91' lang='lat' dir='ltr'><strong>iterum</strong></span> 
     </span>
     <span class='ocr_line' id='line_1_20' title="bbox 60 1908 1114 1991; baseline 0.004 -21"><span class='ocrx_word' id='word_1_150' title='bbox 60 1908 245 1990; x_wconf 76' lang='lat' dir='ltr'><strong>iterumque</strong></span> <span class='ocrx_word' id='word_1_151' title='bbox 264 1909 428 1972; x_wconf 90' lang='lat' dir='ltr'><strong>consulem</strong></span> <span class='ocrx_word' id='word_1_152' title='bbox 446 1909 563 1972; x_wconf 86' lang='lat' dir='ltr'><strong>hebere</strong></span> <span class='ocrx_word' id='word_1_153' title='bbox 583 1909 757 1991; x_wconf 81' lang='lat' dir='ltr'><strong>cupiemus.</strong></span> <span class='ocrx_word' id='word_1_154' title='bbox 794 1909 972 1973; x_wconf 88' lang='lat' dir='ltr'><strong>Remieeiue</strong></span> <span class='ocrx_word' id='word_1_155' title='bbox 991 1908 1078 1972; x_wconf 90' lang='lat' dir='ltr'><strong>istud</strong></span> <span class='ocrx_word' id='word_1_156' title='bbox 1097 1926 1114 1974; x_wconf 77' lang='lat'>2</span> 
     </span>
     <span class='ocr_line' id='line_1_21' title="bbox 19 1995 1078 2080; baseline -0.007 -13"><span class='ocrx_word' id='word_1_157' title='bbox 19 2027 47 2066; x_wconf 81' lang='lat' dir='ltr'><strong>so</strong></span> <span class='ocrx_word' id='word_1_158' title='bbox 62 1995 343 2080; x_wconf 81' lang='lat' dir='ltr'><strong>contenderemus,</strong></span> <span class='ocrx_word' id='word_1_159' title='bbox 371 1998 399 2060; x_wconf 91' lang='lat' dir='ltr'><strong>si</strong></span> <span class='ocrx_word' id='word_1_160' title='bbox 426 1997 530 2062; x_wconf 79' lang='lat' dir='ltr'><strong>adhuc</strong></span> <span class='ocrx_word' id='word_1_161' title='bbox 557 1999 760 2080; x_wconf 86' lang='lat' dir='ltr'><strong>nesciremus,</strong></span> <span class='ocrx_word' id='word_1_162' title='bbox 790 1998 893 2080; x_wconf 83' lang='lat' dir='ltr'><strong>qualis</strong></span> <span class='ocrx_word' id='word_1_163' title='bbox 922 2020 1007 2062; x_wconf 88' lang='lat' dir='ltr'><strong>esses</strong></span> <span class='ocrx_word' id='word_1_164' title='bbox 1029 1998 1078 2060; x_wconf 86' lang='lat' dir='ltr'><strong>su·</strong></span> 
     </span>
     <span class='ocr_line' id='line_1_22' title="bbox 60 2085 1078 2170; baseline -0.001 -20"><span class='ocrx_word' id='word_1_165' title='bbox 60 2090 165 2150; x_wconf 85' lang='lat' dir='ltr'><strong>turus.</strong></span> <span class='ocrx_word' id='word_1_166' title='bbox 202 2085 415 2150; x_wconf 79' lang='lat' dir='ltr'><strong>Tolerabilius</strong></span> <span class='ocrx_word' id='word_1_167' title='bbox 437 2087 501 2150; x_wconf 78' lang='lat' dir='ltr'><strong>fuit</strong></span> <span class='ocrx_word' id='word_1_168' title='bbox 519 2086 772 2169; x_wconf 86' lang='lat' dir='ltr'><strong>experimentum</strong></span> <span class='ocrx_word' id='word_1_169' title='bbox 795 2087 845 2150; x_wconf 91' lang='lat' dir='ltr'><strong>tui</strong></span> <span class='ocrx_word' id='word_1_170' title='bbox 863 2086 956 2150; x_wconf 92' lang='lat' dir='ltr'><strong>nobie</strong></span> <span class='ocrx_word' id='word_1_171' title='bbox 981 2108 1078 2170; x_wconf 81' lang='lat' dir='ltr'><strong>quem</strong></span> 
     </span>
     <span class='ocr_line' id='line_1_23' title="bbox 60 2173 1116 2259; baseline 0.002 -21"><span class='ocrx_word' id='word_1_172' title='bbox 60 2197 159 2238; x_wconf 88' lang='lat' dir='ltr'><strong>ueum</strong></span> <span class='ocrx_word' id='word_1_173' title='bbox 177 2175 295 2259; x_wconf 76' lang='lat' dir='ltr'><strong>negari.</strong></span> <span class='ocrx_word' id='word_1_174' title='bbox 328 2173 506 2240; x_wconf 87' lang='lat' dir='ltr'><strong>Debitume</strong></span> <span class='ocrx_word' id='word_1_175' title='bbox 524 2195 635 2239; x_wconf 87' lang='lat' dir='ltr'><strong>rursus</strong></span> <span class='ocrx_word' id='word_1_176' title='bbox 653 2174 760 2238; x_wconf 84' lang='lat' dir='ltr'><strong>videre</strong></span> <span class='ocrx_word' id='word_1_177' title='bbox 780 2175 943 2238; x_wconf 88' lang='lat' dir='ltr'><strong>consulem</strong></span> <span class='ocrx_word' id='word_1_178' title='bbox 962 2175 1077 2239; x_wconf 80' lang='lat' dir='ltr'><strong>illum?</strong></span> <span class='ocrx_word' id='word_1_179' title='bbox 1096 2193 1116 2240; x_wconf 82' lang='lat'><strong>3</strong></span> 
     </span>
     <span class='ocr_line' id='line_1_24' title="bbox 60 2263 1079 2368; baseline 0 -41"><span class='ocrx_word' id='word_1_180' title='bbox 60 2263 193 2346; x_wconf 85' lang='lat' dir='ltr'><strong>Audiet,</strong></span> <span class='ocrx_word' id='word_1_181' title='bbox 215 2263 326 2327; x_wconf 91' lang='lat' dir='ltr'><strong>reddet</strong></span> <span class='ocrx_word' id='word_1_182' title='bbox 348 2286 428 2347; x_wconf 88' lang='lat' dir='ltr'><strong>ques</strong></span> <span class='ocrx_word' id='word_1_183' title='bbox 450 2265 596 2349; x_wconf 86' lang='lat' dir='ltr'><strong>proxime</strong></span> <span class='ocrx_word' id='word_1_184' title='bbox 618 2285 713 2329; x_wconf 85' lang='lat' dir='ltr'><strong>voces</strong></span> <span class='ocrx_word' id='word_1_185' title='bbox 738 2263 978 2368; x_wconf 61' lang='lat' dir='ltr'><strong>ppaertebitque</strong></span> <span class='ocrx_word' id='word_1_186' title='bbox 1001 2285 1079 2348; x_wconf 81' lang='lat' dir='ltr'><strong>geu-</strong></span> 
     </span>
     <span class='ocr_line' id='line_1_25' title="bbox 61 2351 1078 2437; baseline 0.001 -22"><span class='ocrx_word' id='word_1_187' title='bbox 61 2353 170 2434; x_wconf 91' lang='lat' dir='ltr'><strong>dium,</strong></span> <span class='ocrx_word' id='word_1_188' title='bbox 200 2357 354 2435; x_wconf 77' lang='lat' dir='ltr'><strong>quantum</strong></span> <span class='ocrx_word' id='word_1_189' title='bbox 384 2355 455 2437; x_wconf 90' lang='lat' dir='ltr'><strong>ipse</strong></span> <span class='ocrx_word' id='word_1_190' title='bbox 484 2353 660 2437; x_wconf 79' lang='lat' dir='ltr'><strong>percipiet?</strong></span> <span class='ocrx_word' id='word_1_191' title='bbox 706 2351 905 2417; x_wconf 78' lang='lat' dir='ltr'><strong>Praesidebit</strong></span> <span class='ocrx_word' id='word_1_192' title='bbox 936 2352 1078 2417; x_wconf 83' lang='lat' dir='ltr'><strong>loetitiae</strong></span> 
     </span>
     <span class='ocr_line' id='line_1_26' title="bbox 17 2441 1078 2526; baseline 0 -22"><span class='ocrx_word' id='word_1_193' title='bbox 17 2471 46 2512; x_wconf 60' lang='grc' dir='ltr'><strong>ιι</strong></span> <span class='ocrx_word' id='word_1_194' title='bbox 61 2441 213 2526; x_wconf 82' lang='lat' dir='ltr'><strong>publicae</strong></span> <span class='ocrx_word' id='word_1_195' title='bbox 237 2445 349 2506; x_wconf 83' lang='lat' dir='ltr'><strong>auctor</strong></span> <span class='ocrx_word' id='word_1_196' title='bbox 367 2444 435 2506; x_wconf 89' lang='lat' dir='ltr'><strong>eius</strong></span> <span class='ocrx_word' id='word_1_197' title='bbox 454 2446 487 2507; x_wconf 89' lang='lat' dir='ltr'><strong>et</strong></span> <span class='ocrx_word' id='word_1_198' title='bbox 505 2464 600 2506; x_wconf 81' lang='lat' dir='ltr'><strong>cause</strong></span> <span class='ocrx_word' id='word_1_199' title='bbox 618 2443 853 2525; x_wconf 75' lang='lat' dir='ltr'><strong>temptabitque</strong></span> <span class='ocrx_word' id='word_1_200' title='bbox 871 2442 1004 2505; x_wconf 83' lang='lat' dir='ltr'><strong>affectus</strong></span> <span class='ocrx_word' id='word_1_201' title='bbox 1022 2463 1078 2504; x_wconf 92' lang='lat' dir='ltr'><strong>no-</strong></span> 
     </span>
     <span class='ocr_line' id='line_1_27' title="bbox 62 2530 1116 2615; baseline 0.002 -21"><span class='ocrx_word' id='word_1_202' title='bbox 62 2534 161 2613; x_wconf 88' lang='lat' dir='ltr'><strong>stros,</strong></span> <span class='ocrx_word' id='word_1_203' title='bbox 179 2534 217 2594; x_wconf 92' lang='lat' dir='ltr'><strong>ut</strong></span> <span class='ocrx_word' id='word_1_204' title='bbox 235 2530 326 2614; x_wconf 89' lang='lat' dir='ltr'><strong>solet,</strong></span> <span class='ocrx_word' id='word_1_205' title='bbox 345 2531 516 2596; x_wconf 84' lang='lat' dir='ltr'><strong>cohibere?</strong></span> <span class='ocrx_word' id='word_1_206' title='bbox 540 2553 607 2595; x_wconf 91' lang='lat' dir='ltr'><strong>non</strong></span> <span class='ocrx_word' id='word_1_207' title='bbox 619 2531 746 2615; x_wconf 90' lang='lat' dir='ltr'><strong>poterit.</strong></span> <span class='ocrx_word' id='word_1_208' title='bbox 770 2533 847 2595; x_wconf 77' lang='lat' dir='ltr'><strong>Erit</strong></span> <span class='ocrx_word' id='word_1_209' title='bbox 858 2531 971 2615; x_wconf 88' lang='lat' dir='ltr'><strong>pieteti</strong></span> <span class='ocrx_word' id='word_1_210' title='bbox 991 2552 1078 2594; x_wconf 85' lang='lat' dir='ltr'><strong>sena·</strong></span> <span class='ocrx_word' id='word_1_211' title='bbox 1097 2548 1116 2596; x_wconf 80' lang='lat'>4</span> 
     </span>
     <span class='ocr_line' id='line_1_28' title="bbox 60 2620 1078 2704; baseline -0.001 -20"><span class='ocrx_word' id='word_1_212' title='bbox 60 2625 118 2684; x_wconf 89' lang='lat' dir='ltr'><strong>tue</strong></span> <span class='ocrx_word' id='word_1_213' title='bbox 133 2625 205 2683; x_wconf 89' lang='lat' dir='ltr'><strong>cum</strong></span> <span class='ocrx_word' id='word_1_214' title='bbox 220 2621 378 2685; x_wconf 81' lang='lat' dir='ltr'><strong>modestia</strong></span> <span class='ocrx_word' id='word_1_215' title='bbox 390 2621 544 2704; x_wconf 89' lang='lat' dir='ltr'><strong>principie</strong></span> <span class='ocrx_word' id='word_1_216' title='bbox 558 2620 638 2685; x_wconf 85' lang='lat' dir='ltr'><strong>felix</strong></span> <span class='ocrx_word' id='word_1_217' title='bbox 652 2621 894 2704; x_wconf 88' lang='lat' dir='ltr'><strong>speciosumque</strong></span> <span class='ocrx_word' id='word_1_218' title='bbox 909 2624 1078 2703; x_wconf 81' lang='lat' dir='ltr'><strong>certamen,</strong></span> 
     </span>
     <span class='ocr_line' id='line_1_29' title="bbox 62 2709 1078 2794; baseline 0 -22"><span class='ocrx_word' id='word_1_219' title='bbox 62 2731 123 2773; x_wconf 90' lang='lat' dir='ltr'><strong>seu</strong></span> <span class='ocrx_word' id='word_1_220' title='bbox 141 2709 238 2772; x_wconf 83' lang='lat' dir='ltr'><strong>fuerit</strong></span> <span class='ocrx_word' id='word_1_221' title='bbox 256 2709 342 2773; x_wconf 81' lang='lat' dir='ltr'><strong>victe</strong></span> <span class='ocrx_word' id='word_1_222' title='bbox 360 2731 416 2774; x_wconf 88' lang='lat' dir='ltr'><strong>seu</strong></span> <span class='ocrx_word' id='word_1_223' title='bbox 434 2711 555 2773; x_wconf 87' lang='lat' dir='ltr'><strong>vicerit.</strong></span> <span class='ocrx_word' id='word_1_224' title='bbox 585 2709 743 2793; x_wconf 83' lang='lat' dir='ltr'><strong>Equidem</strong></span> <span class='ocrx_word' id='word_1_225' title='bbox 763 2709 960 2794; x_wconf 77' lang='lat' dir='ltr'><strong>incognitam</strong></span> <span class='ocrx_word' id='word_1_226' title='bbox 980 2731 1078 2792; x_wconf 84' lang='lat' dir='ltr'><strong>quen-</strong></span> 
     </span>
     <span class='ocr_line' id='line_1_30' title="bbox 63 2797 1078 2882; baseline -0.001 -21"><span class='ocrx_word' id='word_1_227' title='bbox 63 2799 140 2861; x_wconf 85' lang='lat' dir='ltr'><strong>dem</strong></span> <span class='ocrx_word' id='word_1_228' title='bbox 168 2798 379 2882; x_wconf 84' lang='lat' dir='ltr'><strong>proximeque</strong></span> <span class='ocrx_word' id='word_1_229' title='bbox 408 2799 562 2862; x_wconf 78' lang='lat' dir='ltr'><strong>maiorem</strong></span> <span class='ocrx_word' id='word_1_230' title='bbox 592 2820 761 2880; x_wconf 83' lang='lat' dir='ltr'><strong>praesumo</strong></span> <span class='ocrx_word' id='word_1_231' title='bbox 790 2799 955 2862; x_wconf 78' lang='lat' dir='ltr'><strong>laetitiam.</strong></span> <span class='ocrx_word' id='word_1_232' title='bbox 999 2797 1078 2874; x_wconf 83' lang='lat' dir='ltr'><strong>Quis</strong></span> 
     </span>
     <span class='ocr_line' id='line_1_31' title="bbox 15 2887 1077 2972; baseline 0 -22"><span class='ocrx_word' id='word_1_233' title='bbox 15 2919 45 2958; x_wconf 61' lang='grc' dir='ltr'><strong>ιο</strong></span> <span class='ocrx_word' id='word_1_234' title='bbox 63 2887 153 2951; x_wconf 88' lang='lat' dir='ltr'><strong>enim</strong></span> <span class='ocrx_word' id='word_1_235' title='bbox 172 2891 220 2950; x_wconf 89' lang='lat' dir='ltr'><strong>est</strong></span> <span class='ocrx_word' id='word_1_236' title='bbox 238 2890 304 2951; x_wconf 84' lang='lat' dir='ltr'><strong>tem</strong></span> <span class='ocrx_word' id='word_1_237' title='bbox 323 2887 477 2953; x_wconf 90' lang='lat' dir='ltr'><strong>imbecilli</strong></span> <span class='ocrx_word' id='word_1_238' title='bbox 496 2888 626 2972; x_wconf 83' lang='lat' dir='ltr'><strong>ingenii,</strong></span> <span class='ocrx_word' id='word_1_239' title='bbox 645 2889 701 2970; x_wconf 94' lang='lat' dir='ltr'><strong>qui</strong></span> <span class='ocrx_word' id='word_1_240' title='bbox 719 2909 785 2950; x_wconf 91' lang='lat' dir='ltr'><strong>non</strong></span> <span class='ocrx_word' id='word_1_241' title='bbox 803 2891 894 2951; x_wconf 86' lang='lat' dir='ltr'><strong>tanto</strong></span> <span class='ocrx_word' id='word_1_242' title='bbox 913 2887 1077 2951; x_wconf 90' lang='lat' dir='ltr'><strong>meliorem</strong></span> 
     </span>
     <span class='ocr_line' id='line_1_32' title="bbox 62 2975 1115 3060; baseline -0.001 -20"><span class='ocrx_word' id='word_1_243' title='bbox 62 2976 231 3040; x_wconf 88' lang='lat' dir='ltr'><strong>consulem</strong></span> <span class='ocrx_word' id='word_1_244' title='bbox 259 2980 374 3060; x_wconf 88' lang='lat' dir='ltr'><strong>speret,</strong></span> <span class='ocrx_word' id='word_1_245' title='bbox 401 2981 521 3060; x_wconf 81' lang='lat' dir='ltr'><strong>quanto</strong></span> <span class='ocrx_word' id='word_1_246' title='bbox 554 2977 679 3060; x_wconf 87' lang='lat' dir='ltr'><strong>saepius</strong></span> <span class='ocrx_word' id='word_1_247' title='bbox 709 2977 828 3040; x_wconf 81' lang='lat' dir='ltr'><strong>suerit?</strong></span> <span class='ocrx_word' id='word_1_248' title='bbox 868 2975 961 3040; x_wconf 87' lang='lat' dir='ltr'><strong>Alius</strong></span> <span class='ocrx_word' id='word_1_249' title='bbox 993 2998 1028 3039; x_wconf 94' lang='lat' dir='ltr'><strong>se</strong></span> <span class='ocrx_word' id='word_1_250' title='bbox 1060 2992 1115 3040; x_wconf 79' lang='lat' dir='ltr'><strong>cs</strong></span> 
     </span>
    </p>
   </div>
   <div class='ocr_carea' id='block_1_3' title="bbox 62 3114 1080 3613">
    <p class='ocr_par' dir='ltr' id='par_1_3' title="bbox 62 3114 1080 3613">
     <span class='ocr_line' id='line_1_33' title="bbox 138 3114 1077 3186; baseline 0 -18"><span class='ocrx_word' id='word_1_251' title='bbox 138 3120 154 3168; x_wconf 84' lang='lat'>9</span> <span class='ocrx_word' id='word_1_252' title='bbox 168 3114 249 3169; x_wconf 82' lang='lat' dir='ltr'><strong>Hebe</strong></span> <span class='ocrx_word' id='word_1_253' title='bbox 258 3116 362 3182; x_wconf 78' lang='lat' dir='ltr'><strong>Licin,</strong></span> <span class='ocrx_word' id='word_1_254' title='bbox 373 3118 410 3170; x_wconf 89' lang='lat' dir='ltr'><strong>K.</strong></span> <span class='ocrx_word' id='word_1_255' title='bbox 416 3117 459 3182; x_wconf 89' lang='lat' dir='ltr'><strong>II,</strong></span> <span class='ocrx_word' id='word_1_256' title='bbox 469 3117 580 3182; x_wconf 75' lang='lat' dir='ltr'><strong>Baehr,</strong></span> <span class='ocrx_word' id='word_1_257' title='bbox 593 3114 689 3169; x_wconf 84' lang='lat' dir='ltr'><strong>Hebes</strong></span> <span class='ocrx_word' id='word_1_258' title='bbox 703 3117 788 3182; x_wconf 84' lang='lat' dir='ltr'><strong>codd,</strong></span> <span class='ocrx_word' id='word_1_259' title='bbox 802 3117 874 3186; x_wconf 74' lang='lat' dir='ltr'><strong>culp.</strong></span> <span class='ocrx_word' id='word_1_260' title='bbox 930 3119 964 3167; x_wconf 78' lang='lat'><strong>20</strong></span> <span class='ocrx_word' id='word_1_261' title='bbox 978 3115 1077 3168; x_wconf 87' lang='lat' dir='ltr'><strong>nescir.</strong></span> 
     </span>
     <span class='ocr_line' id='line_1_34' title="bbox 63 3186 1079 3258; baseline -0.003 -15"><span class='ocrx_word' id='word_1_262' title='bbox 63 3189 112 3254; x_wconf 79' lang='lat' dir='ltr'><strong>R,</strong></span> <span class='ocrx_word' id='word_1_263' title='bbox 131 3188 214 3240; x_wconf 80' lang='grc' dir='ltr'><strong>ΚΠ</strong></span> <span class='ocrx_word' id='word_1_264' title='bbox 225 3188 295 3254; x_wconf 81' lang='lat' dir='ltr'><strong>(iud.</strong></span> <span class='ocrx_word' id='word_1_265' title='bbox 311 3205 341 3256; x_wconf 82' lang='lat' dir='ltr'><strong>p.</strong></span> <span class='ocrx_word' id='word_1_266' title='bbox 352 3189 443 3255; x_wconf 90' lang='lat' dir='ltr'><em>XII),</em></span> <span class='ocrx_word' id='word_1_267' title='bbox 462 3189 574 3253; x_wconf 69' lang='lat' dir='ltr'><strong>Baete,</strong></span> <span class='ocrx_word' id='word_1_268' title='bbox 592 3203 649 3240; x_wconf 92' lang='lat' dir='ltr'><strong>non</strong></span> <span class='ocrx_word' id='word_1_269' title='bbox 668 3186 729 3240; x_wconf 91' lang='lat' dir='ltr'><strong>soir.</strong></span> <span class='ocrx_word' id='word_1_270' title='bbox 749 3189 821 3258; x_wconf 76' lang='lat' dir='ltr'><strong>culp.</strong></span> <span class='ocrx_word' id='word_1_271' title='bbox 885 3190 918 3238; x_wconf 82' lang='lat'><strong>26</strong></span> <span class='ocrx_word' id='word_1_272' title='bbox 938 3203 994 3239; x_wconf 92' lang='lat' dir='ltr'><strong>non</strong></span> <span class='ocrx_word' id='word_1_273' title='bbox 1009 3186 1079 3252; x_wconf 75' lang='grc' dir='ltr'><strong>ΒΑ,</strong></span> 
     </span>
     <span class='ocr_line' id='line_1_35' title="bbox 62 3256 1080 3327; baseline -0.005 -13"><span class='ocrx_word' id='word_1_274' title='bbox 62 3258 178 3324; x_wconf 79' lang='lat' dir='ltr'><strong>Boebr,</strong></span> <span class='ocrx_word' id='word_1_275' title='bbox 187 3273 239 3311; x_wconf 88' lang='lat' dir='ltr'><strong>nec</strong></span> <span class='ocrx_word' id='word_1_276' title='bbox 248 3259 371 3326; x_wconf 82' lang='lat' dir='ltr'><strong>poterit?</strong></span> <span class='ocrx_word' id='word_1_277' title='bbox 385 3260 446 3313; x_wconf 81' lang='lat' dir='ltr'><strong>dett.</strong></span> <span class='ocrx_word' id='word_1_278' title='bbox 457 3259 543 3325; x_wconf 75' lang='lat' dir='ltr'><strong>codd,</strong></span> <span class='ocrx_word' id='word_1_279' title='bbox 554 3259 592 3312; x_wconf 89' lang='lat' dir='ltr'><strong>K.</strong></span> <span class='ocrx_word' id='word_1_280' title='bbox 605 3289 638 3298; x_wconf 90' lang='lat'><strong>—-</strong></span> <span class='ocrx_word' id='word_1_281' title='bbox 653 3258 715 3310; x_wconf 84' lang='lat' dir='ltr'><strong>Erit</strong></span> <span class='ocrx_word' id='word_1_282' title='bbox 724 3259 812 3327; x_wconf 74' lang='lat' dir='ltr'><strong>Lips,</strong></span> <span class='ocrx_word' id='word_1_283' title='bbox 822 3259 923 3312; x_wconf 77' lang='lat' dir='ltr'><strong>Bcehr.</strong></span> <span class='ocrx_word' id='word_1_284' title='bbox 978 3261 1012 3309; x_wconf 84' lang='lat'><strong>30</strong></span> <span class='ocrx_word' id='word_1_285' title='bbox 1027 3256 1080 3310; x_wconf 91' lang='lat' dir='ltr'><strong>im-</strong></span> 
     </span>
     <span class='ocr_line' id='line_1_36' title="bbox 62 3327 1078 3400; baseline -0.003 -17"><span class='ocrx_word' id='word_1_286' title='bbox 62 3329 163 3384; x_wconf 86' lang='lat' dir='ltr'><strong>becilli</strong></span> <span class='ocrx_word' id='word_1_287' title='bbox 181 3329 289 3399; x_wconf 84' lang='lat' dir='ltr'><strong>ingenii</strong></span> <span class='ocrx_word' id='word_1_288' title='bbox 303 3332 339 3396; x_wconf 81' lang='lat' dir='ltr'><strong>A,</strong></span> <span class='ocrx_word' id='word_1_289' title='bbox 358 3329 494 3384; x_wconf 87' lang='lat' dir='ltr'><strong>imbecilli</strong></span> <span class='ocrx_word' id='word_1_290' title='bbox 512 3330 626 3400; x_wconf 86' lang='lat' dir='ltr'><strong>ingenio</strong></span> <span class='ocrx_word' id='word_1_291' title='bbox 645 3331 717 3400; x_wconf 76' lang='lat' dir='ltr'><strong>culp.</strong></span> <span class='ocrx_word' id='word_1_292' title='bbox 736 3337 795 3396; x_wconf 76' lang='lat' dir='ltr'><strong>oet,</strong></span> <span class='ocrx_word' id='word_1_293' title='bbox 813 3330 923 3394; x_wconf 74' lang='lat' dir='ltr'><strong>Burbu,</strong></span> <span class='ocrx_word' id='word_1_294' title='bbox 945 3327 1078 3396; x_wconf 83' lang='lat' dir='ltr'><strong>imbecili‚</strong></span> 
     </span>
     <span class='ocr_line' id='line_1_37' title="bbox 63 3399 1079 3470; baseline -0.001 -16"><span class='ocrx_word' id='word_1_295' title='bbox 63 3399 229 3466; x_wconf 86' lang='lat' dir='ltr'><strong>modicello‚</strong></span> <span class='ocrx_word' id='word_1_296' title='bbox 252 3401 403 3468; x_wconf 88' lang='lat' dir='ltr'><strong>modicilli,</strong></span> <span class='ocrx_word' id='word_1_297' title='bbox 430 3400 548 3454; x_wconf 88' lang='lat' dir='ltr'><strong>indocili</strong></span> <span class='ocrx_word' id='word_1_298' title='bbox 575 3401 651 3456; x_wconf 86' lang='lat' dir='ltr'><strong>codd.</strong></span> <span class='ocrx_word' id='word_1_299' title='bbox 682 3405 717 3468; x_wconf 85' lang='lat' dir='ltr'><strong>(c.</strong></span> <span class='ocrx_word' id='word_1_300' title='bbox 737 3402 856 3470; x_wconf 79' lang='lat' dir='ltr'><strong>ep.I12.</strong></span> <span class='ocrx_word' id='word_1_301' title='bbox 868 3405 916 3466; x_wconf 77' lang='lat'><strong>12,</strong></span> <span class='ocrx_word' id='word_1_302' title='bbox 937 3401 1042 3454; x_wconf 82' lang='lat'><strong><em>11119.</em></strong></span> <span class='ocrx_word' id='word_1_303' title='bbox 1053 3404 1079 3466; x_wconf 87' lang='grc'><strong>6,</strong></span> 
     </span>
     <span class='ocr_line' id='line_1_38' title="bbox 63 3470 1079 3542; baseline -0.003 -15"><span class='ocrx_word' id='word_1_304' title='bbox 63 3473 114 3528; x_wconf 91' lang='lat' dir='ltr'><strong>IV</strong></span> <span class='ocrx_word' id='word_1_305' title='bbox 121 3477 146 3527; x_wconf 88' lang='lat'><strong>7.</strong></span> <span class='ocrx_word' id='word_1_306' title='bbox 156 3479 182 3539; x_wconf 76' lang='lat'><strong>4,</strong></span> <span class='ocrx_word' id='word_1_307' title='bbox 198 3477 240 3526; x_wconf 85' lang='lat'><strong>17.</strong></span> <span class='ocrx_word' id='word_1_308' title='bbox 251 3477 289 3541; x_wconf 86' lang='lat'><strong>6),</strong></span> <span class='ocrx_word' id='word_1_309' title='bbox 301 3472 442 3526; x_wconf 87' lang='lat' dir='ltr'><strong>imbecillo</strong></span> <span class='ocrx_word' id='word_1_310' title='bbox 453 3473 566 3542; x_wconf 85' lang='lat' dir='ltr'><strong>ingenio</strong></span> <span class='ocrx_word' id='word_1_311' title='bbox 581 3475 618 3527; x_wconf 88' lang='lat' dir='ltr'><strong>K.</strong></span> <span class='ocrx_word' id='word_1_312' title='bbox 670 3477 702 3525; x_wconf 88' lang='grc'><strong>31</strong></span> <span class='ocrx_word' id='word_1_313' title='bbox 718 3489 748 3526; x_wconf 86' lang='lat' dir='ltr'><strong>se</strong></span> <span class='ocrx_word' id='word_1_314' title='bbox 763 3471 921 3526; x_wconf 83' lang='lat' dir='ltr'><strong>econtinuo</strong></span> <span class='ocrx_word' id='word_1_315' title='bbox 931 3470 1028 3524; x_wconf 80' lang='lat' dir='ltr'><strong>labore</strong></span> <span class='ocrx_word' id='word_1_316' title='bbox 1038 3473 1079 3524; x_wconf 86' lang='lat' dir='ltr'><strong>et·</strong></span> 
     </span>
     <span class='ocr_line' id='line_1_39' title="bbox 64 3542 1077 3613; baseline -0.003 -15"><span class='ocrx_word' id='word_1_317' title='bbox 64 3545 89 3598; x_wconf 92' lang='lat' dir='ltr'><strong>ei</strong></span> <span class='ocrx_word' id='word_1_318' title='bbox 99 3546 136 3612; x_wconf 84' lang='lat' dir='ltr'><strong>R,</strong></span> <span class='ocrx_word' id='word_1_319' title='bbox 148 3545 230 3598; x_wconf 90' lang='lat' dir='ltr'><em>K.II</em></span> <span class='ocrx_word' id='word_1_320' title='bbox 236 3545 306 3611; x_wconf 79' lang='lat' dir='ltr'><strong>(ind.</strong></span> <span class='ocrx_word' id='word_1_321' title='bbox 313 3562 343 3613; x_wconf 82' lang='lat' dir='ltr'><strong>p.</strong></span> <span class='ocrx_word' id='word_1_322' title='bbox 353 3546 466 3613; x_wconf 71' lang='lat' dir='ltr'><strong>Iqu),</strong></span> <span class='ocrx_word' id='word_1_323' title='bbox 476 3545 588 3611; x_wconf 76' lang='lat' dir='ltr'><strong>Boebr,</strong></span> <span class='ocrx_word' id='word_1_324' title='bbox 597 3542 678 3597; x_wconf 86' lang='lat' dir='ltr'><strong>Alius</strong></span> <span class='ocrx_word' id='word_1_325' title='bbox 687 3543 797 3597; x_wconf 85' lang='lat' dir='ltr'><strong>lebores</strong></span> <span class='ocrx_word' id='word_1_326' title='bbox 808 3543 832 3597; x_wconf 92' lang='lat' dir='ltr'><strong>si</strong></span> <span class='ocrx_word' id='word_1_327' title='bbox 841 3550 899 3599; x_wconf 84' lang='lat' dir='ltr'><strong>cett.</strong></span> <span class='ocrx_word' id='word_1_328' title='bbox 909 3543 996 3609; x_wconf 76' lang='lat' dir='ltr'><strong>codd,</strong></span> <span class='ocrx_word' id='word_1_329' title='bbox 1005 3544 1077 3612; x_wconf 71' lang='lat' dir='ltr'><strong>culp.</strong></span> 
     </span>
    </p>
   </div>
   <div class='ocr_carea' id='block_1_4' title="bbox 0 0 1234 3940">
    <p class='ocr_par' dir='ltr' id='par_1_4' title="bbox 0 0 1234 3940">
     <span class='ocr_line' id='line_1_40' title="bbox 0 0 1234 3940; baseline 0 1"><span class='ocrx_word' id='word_1_330' title='bbox 0 0 1234 3940; x_wconf 95' lang='lat' dir='ltr'><strong> </strong></span> 
     </span>
    </p>
   </div>
  </div>
 </body>
</html>
