2458 3940
342 139 596 195 PANEGYRIOUS
616 146 657 195 er.
669 146 807 195 r-oa.a.
1016 139 1083 204 373

68 304 191 388 inique,
214 308 321 388 potest
343 309 453 370 tamen
475 304 548 369 odio
573 325 641 368 esse
659 326 725 368 non
743 305 849 389 nullis,
861 304 993 369 etiamsi
1012 304 1081 388 ipse

68 415 139 457 non
161 394 277 477 oderit,
301 395 409 477 amari,
431 393 494 458 nisi
517 394 586 477 ipse
608 397 703 476 amat,
724 415 791 458 non
813 398 926 478 potest.
963 392 1081 480 Diligis
1100 413 1116 461 ὁ
1214 467 1215 470 Ἴ

69 503 159 568 ergo,
182 503 255 546 cum
278 482 430 568 diligaris,
453 487 486 547 et
507 483 542 547 in
565 505 612 566 eo,
636 482 723 566 quod
740 483 903 566 utrimque
925 483 1082 548 honesti·-

69 573 190 636 simum
220 575 278 654 est,
308 575 378 636 tota
408 573 511 657 gloria
539 575 596 635 tua
625 576 687 656 est;
717 573 774 655 qui
803 572 949 656 superior
976 572 1082 637 factus

40 661 236 728 adescendis
260 662 295 724 in
317 662 424 726 omnia
445 659 672 725 familiaritatis
700 661 809 726 officia
832 662 920 726 etin
942 661 1082 725 amicum

68 771 111 814 ex
135 750 326 833 imperatore
353 750 564 832 submitteris,
591 750 690 814 immo
713 754 791 814 tuno
818 750 956 814 maxime
983 750 1082 834 impe

67 842 169 921 rator,
192 861 265 904 oum
289 839 427 903 amicum
453 839 531 924 agis.
567 838 706 922 Etenim,
733 861 806 904 cum
833 840 981 923 plurimis
1004 839 1116 907 ami-6

69 927 157 992 citiis
179 928 310 992 fortuna
331 928 514 1012 principum
533 927 683 1013 indigeat,
705 929 912 1011 praecipuum
931 933 979 992 est
996 930 1082 1012 prin-

68 1015 153 1100 cipis
184 1038 264 1100 opus
295 1017 413 1081 amicos
443 1038 563 1099 parare.
599 1016 728 1082 Placeat
756 1017 818 1082 tibi
848 1037 973 1100 semper
1003 1017 1115 1086 haec?

27 1108 170 1188 roseata,
193 1109 225 1169 et
249 1127 321 1170 cum
344 1105 483 1188 reliquas
502 1106 636 1170 virtutes
655 1110 727 1170 tuas
746 1110 815 1170 tum
834 1106 917 1170 hanc
935 1110 1082 1170 constan-

68 1195 195 1258 tissime
218 1198 336 1277 teneas,
357 1217 418 1259 nec
440 1216 593 1278 umquam
618 1195 679 1259 tibi
706 1195 934 1279 persuadeatur
959 1195 1083 1259 humile

68 1304 142 1348 essa
164 1283 304 1367 principi
325 1285 390 1348 nisi
413 1285 525 1348 odisse.
566 1281 835 1348 Iucundissimum
858 1288 907 1348 est
929 1285 963 1347 in
986 1284 1081 1348 rebus

67 1373 222 1436 humanis
237 1373 347 1456 amari,
361 1373 417 1437 sed
432 1394 499 1437 non
512 1373 618 1437 minus
637 1394 750 1436 amare.
783 1371 924 1448 Quorum
944 1376 1082 1455 utroque

67 1462 119 1525 ita
144 1461 274 1545 frueris,
296 1465 345 1545 ut,
374 1484 447 1527 cum
475 1463 543 1545 ipse
574 1462 794 1526 ardentissime
822 1463 946 1546 diligas,
978 1461 1082 1526 adhuc

27 1578 53 1618 rs
68 1555 181 1615 tamen
212 1551 374 1615 ardentius
406 1550 564 1636 diligaris,
595 1552 735 1634 primum
769 1553 844 1634 quia
874 1551 1001 1616 facilius
1034 1555 1116 1617 ests

68 1661 172 1703 unum
187 1661 293 1704 amare
312 1662 408 1723 quam
426 1641 556 1722 multos,
570 1640 684 1705 deinde
703 1641 778 1723 quia
796 1641 856 1704 tibi
875 1641 993 1706 amicos
1007 1643 1082 1704 tuos

69 1728 239 1814 obligandi
261 1728 351 1792 adest
373 1730 509 1794 facultas
531 1733 630 1812 tanta,
657 1734 695 1794 ut
716 1751 811 1794 nemo
835 1734 866 1794 te
889 1730 993 1814 possit
1019 1729 1083 1793 nisi

68 1819 218 1902 ingratus
237 1840 303 1882 non
321 1819 424 1904 magis
443 1840 556 1882 amare.
590 1816 712 1902 Operae
730 1821 870 1902 pretium
889 1824 938 1883 est
955 1819 1134 1903 referra,86

69 1906 160 1990 quod
177 1909 373 1971 tormentum
391 1907 453 1972 tibi
470 1907 656 1990 iniunxeris,
673 1929 713 1972 ne
732 1909 810 1991 quid
824 1909 926 1973 amico
941 1930 1082 1992 negares.

27 2024 53 2062 ao
68 1995 234 2059 Dimisisti
262 1997 421 2080 optimum
449 1997 552 2060 virum
580 1997 704 2080 tibique
732 1998 931 2060 carissimum
962 1997 1081 2061 invitus

68 2089 103 2148 et
117 2085 230 2167 tristis,
243 2088 275 2148 et
289 2085 381 2168 quasi
394 2086 531 2149 retinere
548 2106 614 2149 non
630 2106 750 2169 posses.
784 2084 945 2159 Quantum
959 2105 1082 2149 amares

68 2196 156 2255 eum,
170 2173 324 2238 desiderio
340 2179 489 2258 expertus
508 2197 541 2238 es
560 2174 730 2238 distractus
749 2178 987 2257 separatusque,
1006 2174 1080 2238 dum

69 2262 159 2326 cedis
173 2265 206 2326 et
222 2263 367 2327 vinceris.
398 2261 458 2345 Ita,
477 2264 563 2345 quod
580 2262 677 2326 fando
697 2263 886 2346 inauditum,
905 2284 978 2327 oum
996 2264 1082 2346 prin-
1100 2281 1115 2329 2

70 2372 149 2435 ceps
172 2356 204 2416 et
226 2352 380 2435 principis
404 2353 525 2416 amicus
549 2353 673 2416 diversa
695 2352 830 2435 velletis,
852 2352 886 2416 id
908 2352 1016 2435 potius
1036 2353 1082 2416 fa-

28 2467 53 2508 ra
70 2444 162 2504 ctum
186 2444 243 2522 est,
266 2441 352 2524 quod
375 2442 497 2505 amicus
520 2441 656 2506 volebat.
694 2439 720 2505 Ο
744 2463 811 2505 rem
835 2442 1007 2506 memoriae
1029 2443 1082 2505 lit-

68 2529 214 2611 terisque
250 2530 479 2594 mandandum!
515 2532 712 2614 praefectum
748 2531 908 2614 praetorio
940 2552 1006 2594 non
1042 2553 1082 2594 ex

68 2618 291 2703 ingerentibus
315 2641 357 2702 se,
381 2619 436 2683 sed
459 2641 498 2683 ex
522 2619 782 2684 subtrahentibus
805 2620 910 2704 legere
933 2619 1081 2683 eundem-

68 2729 135 2790 que
159 2707 235 2789 otio,
259 2707 345 2791 quod
367 2707 579 2792 pertinaciter
596 2713 689 2792 amet,
712 2708 851 2792 reddere,
879 2730 1015 2791 cumque
1038 2709 1081 2772 sis

68 2797 141 2879 ipse
160 2795 317 2860 distentus
337 2797 464 2881 imperii
483 2798 576 2881 curis,
592 2820 658 2862 non
677 2798 793 2878 quietis
813 2798 915 2882 gloria
932 2798 1081 2880 cuiquam

27 2913 54 2951 ao
68 2884 222 2948 invidere.
258 2883 489 2971 Intellegimus,
513 2884 636 2970 Caesar,
655 2890 810 2969 quantum
833 2886 894 2950 tibi
912 2908 971 2969 pro
994 2886 1082 2949 labo·
1100 2903 1116 2950 3

145 3030 159 3077 1
184 3025 299 3096 [potest]
319 3026 413 3078 tamen
432 3026 532 3079 Baebr.
612 3029 627 3078 6
651 3025 848 3093 imperatorem
867 3026 903 3078 K.
910 3026 952 3091 Il,
971 3026 1082 3093 Baebr,

69 3097 267 3164 imperatores
283 3097 376 3150 Liuia.
431 3102 463 3149 10
481 3095 604 3164 reliquas
620 3097 655 3161 R,
670 3096 1081 3165 K.11<tad.p.XH),Baehr.,

70 3166 144 3220 alias
162 3168 234 3238 oatp.
317 3173 348 3220 11
373 3167 427 3222 tibi
446 3169 482 3234 R,
501 3168 587 3233 ΚΠ,
606 3168 716 3233 Baetra,
735 3183 786 3221 om.
805 3175 862 3222 cett.
945 3172 977 3220 1⁷
1001 3169 1081 3220 tanta

70 3238 125 3292 fac,
136 3237 210 3291 inest
220 3239 256 3304 R,
267 3237 387 3293 Sebaalte
396 3257 426 3306 p.
437 3243 487 3304 30‚·
495 3256 519 3292 o.
531 3240 568 3292 K.
579 3239 637 3291 iad.
648 3239 739 3307 p.IX.
795 3245 827 3290 21
844 3239 1034 3306 quantumque
1045 3239 1082 3306 R,

70 3309 190 3375 Baear.;
207 3326 231 3363 a.
247 3311 284 3363 K.
299 3311 357 3364 iad.
367 3310 423 3364 IX.
487 3314 520 3362 27
540 3325 573 3362 ex
588 3310 624 3374 R,
639 3311 725 3374 KH,
744 3309 855 3376 Baebr,
873 3325 888 3362 e
907 3311 979 3380 culp.
1047 3315 1081 3362 29

71 3379 176 3448 quietis
195 3380 316 3450 gratiam
338 3381 429 3436 ‘vellat
446 3382 478 3434 ia
496 3382 572 3435 codd.
593 3380 685 3436 MSS.
704 3381 857 3449 reperuset'
878 3381 1011 3447 Schwara,
1029 3398 1080 3436 ser.

71 3451 183 3517 Baetra,
197 3451 289 3521 gloria
302 3469 376 3506 acas
389 3453 466 3506 Keiti
477 3453 504 3517 d,
517 3453 602 3517 KH,
617 3451 736 3520 gloriam
749 3453 820 3522 culp.
851 3453 891 3519 Os.
907 3469 946 3520 ap.
957 3455 978 3506 I
983 3457 1026 3506 10.
1038 3457 1081 3518 12,

71 3524 159 3577 1110.
169 3527 197 3588 2,
210 3528 255 3577 20.
265 3528 292 3590 8,
306 3524 391 3578 IIIa.
401 3529 429 3588 2,
450 3525 560 3578 Vnae.
570 3528 598 3588 2,
612 3524 662 3577 IX
670 3528 712 3578 13.
724 3527 740 3578 5
745 3544 756 3590 ‚·
774 3524 840 3578 Keit
855 3525 925 3592 disp.
935 3525 1009 3592 Hp.
1020 3528 1044 3578 6.
