2442 3940
155 169 199 232 42
591 167 619 222 O.
638 167 736 222 PLIM

156 354 252 415 quam
279 332 334 395 ille
361 331 518 396 habuerat
547 333 581 395 in
611 332 721 396 ordine
748 331 1008 416 Leptitanorum,
1037 352 1172 415 operam

156 443 246 485 suam
268 419 379 485 Prisco
403 420 443 484 ad
465 422 689 504 turpissimum
712 422 926 486 ministerium
950 421 1173 486 commodasse

154 510 392 593 stipulatusque
425 510 463 573 de
493 508 656 576 Marciano
690 511 925 596 quinquaginta
956 511 1047 574 milia
1074 511 1173 574 dena-

153 600 276 663 riorum
303 598 513 683 probabatur,
543 600 612 682 ipse
640 603 804 682 praetcrea
833 600 992 682 accepisse
1022 601 1174 664 sestertia
1216 671 1217 674 Ἴ

155 687 264 752 decem
283 689 373 752 milia
391 687 576 752 foedissimo
597 688 726 772 quidem
749 688 856 772 titu10,
874 689 1004 753 nominc
1024 711 1172 774 unguen·
1198 715 1217 752 s

153 778 236 860 tarii,
260 777 316 860 qui
338 777 453 841 titulus
472 799 491 840 a
508 778 576 841 vita
597 777 738 842 hominis
762 778 885 861 compti
908 799 1033 861 semper
1056 781 1088 841 et
1111 801 1173 862 pu·
1216 861 1217 864 Ἴ

101 886 135 933 24
154 867 264 929 micati
286 886 352 929 non
376 865 577 930 abhorrebat.
622 865 750 930 Placuit
778 870 926 931 censente
951 864 1093 931 Cornuto
1121 889 1172 931 re·
1216 867 1217 922 ἒ

153 955 230 1018 ferri
254 954 291 1018 de
315 976 352 1018 eo
376 956 523 1038 proximo
547 959 672 1040 senatu,
696 959 774 1019 tunc
797 957 892 1038 enim,
913 976 989 1020 casu
1010 955 1172 1019 incertum
1216 959 1217 980 ²

154 1065 195 1106 an
218 1045 422 1128 conscicntia,
446 1043 578 1108 afuerat.

100 1152 134 1200 25
219 1131 328 1197 Habes
356 1155 406 1196 res
429 1133 582 1218 urbanas,
610 1134 747 1197 inuicem
775 1134 911 1197 rusticas
935 1132 1046 1197 scribe.
1085 1131 1172 1208 Quid
1186 1160 1217 1216 ιο,

154 1221 340 1286 arbusculae
363 1226 446 1304 tuae,
471 1222 548 1306 quid
571 1223 691 1304 vineae,
711 1221 788 1306 quid
807 1226 931 1308 segetes
954 1224 1065 1308 agunt,
1090 1222 1172 1303 quid
1216 1229 1217 1232 ’

153 1333 228 1375 oues
262 1310 528 1376 delicatissimae?
564 1309 604 1374 ln
636 1333 775 1392 summa,
807 1313 870 1375 nisi
902 1333 1003 1395 aeque
1034 1310 1170 1395 longam
1216 1351 1217 1356 κ

152 1400 324 1483 epistulam
351 1400 470 1480 reddis,
498 1421 564 1464 non
592 1404 653 1482 est,
682 1400 768 1482 quod
795 1403 908 1483 postca
931 1401 997 1464 nisi
1019 1399 1170 1464 breuissi-

152 1510 238 1552 mam
262 1492 419 1571 expectes.
456 1487 546 1552 Vale.
707 1546 708 1550 ,
1216 1475 1217 1538 l

626 1497 751 1765 Q
1185 1640 1207 1678 ι

406 1717 666 1766 ommissis
753 1718 775 1766 o
801 1717 866 1766 suo
891 1718 916 1766 s.

118 1827 131 1874 1
219 1808 440 1893 Λειτούργιον
462 1809 551 1891 illud,
571 1808 657 1892 quod
681 1830 845 1892 superesse
867 1807 950 1872 Mari
967 1807 1071 1872 Prisci
1095 1829 1170 1872 eau—
1216 1839 1217 1900 3

153 1917 205 1960 sae
229 1898 374 1980 proxime
399 1898 597 1981 scripseram,
626 1899 733 1962 nescio
757 1920 799 1962 an
826 1898 913 1981 satis,
941 1897 1170 1962 circumcisum
1216 1903 1217 1978 ι

117 1988 261 2051 stamen
284 1990 316 2050 et
335 1985 483 2050 adrasum
507 1989 563 2050 est.
600 1985 762 2051 Firminus
785 1986 937 2052 inductus
960 1987 996 2051 in
1018 1990 1169 2051 senatum

151 2075 317 2156 respondit
339 2075 465 2139 crimini
488 2079 575 2139 noto.
616 2073 750 2140 Secutae
775 2079 850 2139 sunt
836 2076 1016 2140 tdiversae
1040 2079 1112 2139 sent
1113 2098 1168 2140 en·
1182 2102 1205 2141 ιι

150 2164 214 2226 tiae
239 2165 407 2228 consulum
430 2165 577 2249 designat
579 2186 679 2228 orum.
722 2161 884 2228 Cornutus
907 2163 1069 2228 Tertullus
1095 2184 1168 2229 cen·
1216 2197 1217 2248 ,

152 2253 216 2315 suit
249 2252 358 2317 ordine
392 2253 595 2354 movendum,
627 2251 763 2317 Acutius
790 2251 939 2317 Nerva
931 2275 965 2316 m
997 2253 1168 2317 sortitione
1216 2259 1217 2344 ᾗ

85 2317 104 2420 7
151 2341 335 2423 prouinciae
362 2342 521 2405 rationem
549 2343 617 2406 eius
646 2364 713 2406 non
742 2341 931 2406 habendam.
978 2339 1065 2416 Quae
1097 2364 1168 2406 sen·
1216 2327 1217 2390 l

152 2430 254 2494 tentia
281 2419 448 2514 tamquam
473 2431 583 2498 mitior
610 2432 701 2513 vicit,
731 2452 804 2495 curn
835 2431 877 2494 sit
905 2431 1039 2582 alioquit
1056 2429 1217 2496 durior
1195 2475 1217 2572 1

116 2519 234 2584 strist
225 2540 346 2609 rorque.
392 2518 475 2595 Quid
512 2520 597 2584 enim
629 2520 776 2583 miserius
813 2541 910 2602 quam
947 2522 1039 2584 exact
1040 2542 1096 2583 um
1135 2525 1205 2584 ets·

151 2605 336 2691 exemptum
360 2606 538 2684 honoribus
562 2611 653 2673 senat
655 2609 731 2672 oriis
749 2608 911 2672 laboreet
929 2609 1056 2673 molest
1032 2612 1078 2672 tra
1100 2631 1169 2673 non
1216 2639 1217 2646 ι

151 2697 279 2761 carere?
303 2697 381 2780 quid
404 2698 532 2783 grauius
561 2719 657 2781 quam
685 2700 776 2761 ttana
801 2697 980 2782 ignominia
1002 2697 1109 2762 adfect
1095 2701 1166 2762 tum

150 2807 217 2850 non
239 2787 273 2849 in
296 2786 468 2851 solitudine
491 2787 604 2870 latere,
627 2786 682 2850 sed
709 2787 744 2850 in
771 2785 832 2850 hac
856 2787 1012 2850 altissima
1035 2788 1168 2869 specula
1216 2807 1217 2818 ¹

115 2893 133 2939 4
153 2875 412 2958 conspiciendum
432 2897 465 2939 se
484 2876 793 2959 monstrandumque
807 2875 981 2958 praebere?
999 2878 1167 2959 praeterea
1216 2929 1217 2948 ,

152 2963 229 3045 quid
252 2964 380 3046 publice
403 2965 509 3028 minus
533 2967 590 3028 aut
612 2985 791 3049 congruens
816 2967 871 3028 aut
895 2963 1045 3029 decorum
1069 2985 1165 3045 quarn
1180 2975 1217 3046 ro?

4 3107 8 3116 .
68 3071 112 3104 ,a
151 3055 298 3134 ιιοιι-ιιι
326 3076 344 3116 a
372 3057 486 3118 senatu
512 3054 547 3117 in
579 3057 692 3117 senatu
724 3053 832 3118 sedere
864 3053 1007 3137 ipsisque
1039 3052 1119 3137 illis,
1146 3075 1166 3116 a
1216 3093 1217 3132 ;

151 3139 268 3222 quibus
288 3141 329 3206 sit
351 3145 491 3228 notatus,
511 3143 651 3226 aequari,
668 3145 864 3207 summotum
888 3143 1165 3226 aproconsulatn,
1216 3187 1217 3224 3

151 3230 227 3313 quia
246 3251 279 3292 se
298 3230 332 3293 in
349 3229 510 3316 legatione
528 3233 667 3315 turpiter
690 3235 839 3316 gesserat,
859 3230 897 3294 de
916 3229 1164 3317 proconsulibus
1216 3243 1217 3312 ι

222 3409 238 3458 8
253 3405 391 3458 incertum
406 3405 488 3474 Fpr,
506 3407 566 3462 Otto
575 3410 638 3470 298,
653 3422 704 3460 om.
714 3407 780 3471 rell,
795 3405 833 3460 K.
884 3410 919 3458 30
933 3421 1018 3474 quam
1028 3405 1164 3471 dictord,

151 3476 233 3530 ΚΗ
249 3478 458 3544 (disp.Ip.16)‚
477 3493 527 3531 om.
544 3479 582 3532 M
589 3477 758 3544 VFDpra,
773 3476 842 3530 K.I.
915 3481 948 3529 32
968 3479 997 3530 et
1010 3484 1075 3534 ante
1090 3495 1164 3532 sum·

150 3549 216 3600 mot.
236 3547 301 3602 add.
320 3548 396 3602 codd.
412 3555 521 3615 praeter
539 3549 603 3614 Fa,
622 3547 669 3613 K,
688 3548 738 3602 dcl.
757 3547 856 3618 Stangl
867 3564 897 3616 p.
906 3553 966 3603 671.
