2458 3940
149 141 215 210 374
434 160 436 164 ’
581 145 609 198 O.
628 145 725 199 PLINI

147 311 232 374 riosa
255 311 316 373 ista
340 309 476 373 statione
500 313 532 373 et
556 309 693 374 exercita
717 309 897 392 debeamus,
921 331 994 374 cum
1017 309 1164 373 otiuma

147 403 179 462 16
198 402 361 481 tamquam
380 421 430 462 res
450 399 572 482 optima
591 401 623 462 61
643 402 772 481 petatur
789 402 822 462 et
840 399 941 462 detur.
975 397 1077 474 Quam
1099 420 1163 484 ego

148 487 242 550 audio
267 488 487 552 confusionem
510 491 599 552 tuam
617 488 725 570 fuisse,
744 509 817 552 cum
837 488 1066 572 digredientem
1086 509 1164 570 pro·

149 577 337 659 sequereris!
374 575 566 641 Prosecutus
580 597 613 639 es
628 577 714 640 enim
727 598 787 641 neo
801 577 986 659 temperasti
1003 575 1073 660 tibi,
1095 598 1162 660 quo

148 665 254 729 minus
282 667 411 729 exeunti
437 665 472 728 in
498 665 593 728 litore
620 666 801 749 amplexus,
828 665 863 729 in
889 666 983 729 litore
1012 665 1197 728 osculums

113 754 255 818 4161166.
297 752 393 817 Stetit
422 751 537 818 Caesar
564 755 597 816 in
627 754 683 817 illa
713 755 872 819 amicitiae
901 755 1037 838 specula,
1067 756 1164 818 stetit
1209 811 1210 842 1

148 846 358 926 precatusque
385 846 434 906 est
464 843 595 907 abeunti
626 865 728 926 prona
760 845 859 907 maria
892 844 1101 926 celeremque,
1136 844 1164 906 si
1209 847 1210 900 ἶ

148 934 256 995 tamen
270 932 338 1015 ipse
351 933 514 1014 voluisset,
528 953 691 996 recursum
710 955 769 996 neo
787 933 941 996 sustinuit
958 933 1164 996 recedentem

114 1035 214 1084 onon
241 1021 338 1084 etiam
365 1024 461 1104 atque
489 1021 585 1084 etiam
608 1021 692 1084 votis
715 1024 748 1085 et
769 1022 911 1085 lacrimis
938 1021 1036 1104 sequi.
1071 1019 1163 1085 Nam
1209 1049 1210 1110 i

149 1109 187 1172 de
209 1110 402 1173 liberalitate
425 1113 524 1174 taceo.
562 1108 685 1185 Quibus
708 1111 793 1174 enim
819 1109 1004 1174 muneribus
1027 1111 1165 1192 aequari
1178 1131 1210 1174 nv

147 1197 227 1262 haec
245 1219 320 1263 cure
338 1199 501 1282 principis,
519 1199 597 1262 haec
614 1199 770 1282 patientia
787 1202 904 1284 potest,
923 1220 985 1282 qua
1003 1200 1164 1282 mernisti,
1209 1207 1210 1242 ῑ

148 1291 185 1350 61
211 1288 266 1351 1116
294 1287 356 1352 sibi
383 1288 518 1351 nimium
546 1287 639 1351 fortis
667 1310 704 1352 ao
731 1309 831 1372 prope
855 1287 952 1351 durus
976 1287 1164 1352 videretur?

147 1374 216 1440 Neo
240 1377 361 1459 dubit0,
385 1377 463 1458 quin
486 1377 655 1460 agitaverit
678 1397 796 1460 secum,
815 1399 856 1440 an
875 1376 1091 1462 gubernacula
1116 1401 1163 1441 re-

147 1468 319 1548 torqueret,
339 1469 371 1528 61
392 1465 529 1548 fecisset,
547 1465 610 1528 nisi
633 1466 720 1548 quod
737 1488 837 1550 paene
857 1466 928 1549 ipso
948 1465 1163 1530 contubernio
1209 1455 1210 1508 3

147 1553 301 1638 principis
319 1554 444 1618 felicius
463 1554 696 1637 iucundiusque
715 1559 764 1619 est
783 1554 960 1618 desiderare
978 1555 1162 1637 principem
1177 1571 1210 1630 ul

114 1642 388 1707 sdesiderentem.
425 1643 469 1706 Et
492 1643 546 1706 1116
570 1643 699 1726 quidem
726 1647 764 1707 ut
786 1645 928 1707 maximo
955 1643 1062 1707 fructu
1093 1665 1163 1708 sus·
1209 1709 1210 1720 1

149 1732 233 1814 cepti
252 1731 296 1794 ita
315 1732 434 1795 maiore
453 1733 590 1815 depositi
610 1732 709 1796 officii
728 1734 831 1818 gloria
849 1733 977 1816 fruitur,
994 1736 1031 1796 tu
1049 1736 1162 1796 autem
1209 1725 1210 1746 ¹

147 1819 301 1884 facilitate
324 1821 385 1883 ista
409 1825 596 1884 consecutus
620 1843 662 1898 66,
684 1843 725 1885 ne
748 1843 844 1904 quem
866 1822 1003 1886 retinere
1021 1821 1162 1884 videaris

97 1904 293 1984 87invitum.
331 1906 433 1972 Civile
455 1910 517 1974 hoo
540 1913 572 1974 61
594 1911 720 1993 parenti
742 1911 873 1994 publico
898 1910 1162 1975 convenientissi-
1209 1993 1210 1996 1

148 2020 245 2080 mum,
259 1997 342 2060 nihil
360 2018 472 2083 cogere
492 2020 678 2082 semperque
692 2000 876 2064 meminisse
893 2000 1016 2062 nullam
1034 2002 1210 2088 1661611661

147 2090 339 2171 potestatem
363 2089 512 2171 cuiquam
535 2088 603 2151 dari
625 2109 728 2171 posse,
752 2093 788 2152 ut
811 2109 877 2152 non
898 2089 941 2152 sit
959 2088 1080 2173 gratior
1104 2110 1164 2171 po·
1209 2099 1210 2164 1

114 2192 129 2238 2
148 2180 262 2240 testate
284 2175 424 2240 libertas.
462 2175 587 2262 Dignus
612 2198 654 2260 es,
679 2175 803 2260 Caesar,
826 2177 882 2260 qui
902 2177 1009 2241 officia
1027 2177 1163 2242 mandes
1209 2203 1210 2258 1

148 2264 305 2348 deponere
329 2265 524 2348 optantibus,
543 2267 599 2349 qui
617 2266 800 2349 petentibus
819 2266 1019 2330 vacationem
1037 2266 1164 2330 invitus
1209 2287 1210 2312 ³

149 2353 287 2435 quidem,
315 2354 370 2417 sed
397 2357 505 2418 tamen
534 2355 667 2436 tribuas,
695 2356 751 2438 qui
780 2355 820 2419 ab
851 2355 962 2419 amicis
993 2356 1163 2419 orantibus
1209 2365 1210 2430 }

147 2444 289 2524 requiem
312 2464 378 2506 non
400 2446 432 2506 te
454 2444 593 2526 relinqui
616 2447 719 2527 putes,
738 2443 794 2527 qui
813 2465 938 2527 semper
955 2443 1112 2526 invenias,
1131 2433 1210 2524 6161

113 2547 128 2594 3
149 2553 229 2614 quos
248 2553 288 2594 ex
307 2532 373 2596 otio
392 2553 521 2597 revoces
544 2535 576 2596 et
595 2553 675 2614 quor
696 2533 762 2597 otio
780 2532 902 2596 reddas.
934 2531 1002 2596 Vos
1022 2554 1163 2616 quoque,

149 2641 229 2702 quos
252 2643 366 2704 parens
390 2623 499 2685 noster
520 2621 722 2687 familiariter
746 2622 903 2704 inspicere
931 2621 1092 2706 dignatur,
1115 2621 1164 2685 fo-

148 2712 220 2772 vete
246 2709 401 2774 iudicium
430 2710 506 2793 eius,
534 2711 621 2793 quod
648 2710 687 2774 de
714 2711 807 2774 vobis
834 2710 945 2794 hebet,
972 2709 1026 2774 hic
1055 2714 1165 2775 vester

113 2798 239 2862 slebor
262 2802 318 2862 661.
353 2797 506 2881 Princeps
530 2800 624 2881 enim,
648 2820 720 2863 oum
743 2800 777 2862 in
799 2821 863 2863 nno
882 2798 1032 2882 probavit
1053 2820 1163 2864 amare

148 2907 181 2950 se
205 2887 293 2970 scire,
316 2891 408 2951 vacat
431 2889 534 2970 culpa,
555 2889 582 2950 si
605 2889 686 2951 alios
704 2890 810 2951 minus
829 2890 923 2952 amat.
959 2885 1073 2971 Ipsum
1093 2889 1163 2972 qui·
1176 2907 1210 2964 ag

149 2976 219 3040 dem
249 2976 320 3058 quis
348 2976 551 3040 mediocriter
578 2977 701 3060 diligat,
729 2997 801 3040 curn
824 2975 911 3062 leges
939 2977 1068 3040 amandi
1096 2999 1164 3042 nou

220 3174 283 3221 466
298 3169 330 3222 ic
343 3186 398 3222 ras.
414 3170 450 3235 R,
465 3170 551 3233 ΚΠ,
566 3169 676 3234 Baete,
691 3186 741 3222 om.
755 3176 813 3223 cett.
886 3166 1015 3236 templ,
1034 3167 1064 3220 in
1079 3167 1161 3221 litore

150 3253 203 3290 oso.
229 3240 265 3303 R,
289 3240 374 3304 KH,
399 3239 492 3307 ampl,
516 3238 693 3311 6661116619.
775 3242 857 3293 'lest
878 3239 994 3292 abeunti
1016 3255 1108 3307 prona
1127 3241 1162 3304 R,
1209 3301 1210 3308 1

151 3309 237 3372 KJI,
256 3309 366 3374 Buehr„
385 3311 571 3377 precatusque
591 3312 633 3363 est
651 3325 739 3378 prona
754 3310 823 3375 KJ,
842 3327 893 3364 om.
907 3311 979 3380 6619.
1053 3311 1162 3364 916116
1209 3311 1210 3334 ³

152 3377 180 3427 et
197 3374 311 3442 166111,
327 3380 363 3432 Κ.
371 3382 408 3432 II
420 3381 489 3445 (iud.
500 3397 530 3447 p.
541 3381 610 3448 XI),
624 3381 696 3434 votis
710 3380 889 3448 lacrimisque
902 3382 964 3435 dett.
979 3381 1065 3446 codd,
1080 3383 1162 3446 votis,

150 3443 222 3566 lpcp,
236 3448 332 3568 gigig.
356 3451 441 3514 codd,
465 3451 534 3514 KJ,
558 3452 659 3505 Baelo.
739 3456 771 3504 19
794 3451 847 3504 hoc
871 3453 931 3504 erat
953 3452 1031 3506 codd.
1051 3460 1164 3520 praeter
