2482 3942
171 127 233 192 178
605 127 633 182 Ο.
651 127 750 186 PLINI

168 291 229 355 sibi
253 290 421 373 addiceret,
444 291 559 376 paruit.
600 289 713 373 Vides,
741 312 837 374 quam
860 295 967 356 ratum
989 289 1107 355 habere
1131 291 1192 356 de·
1226 317 1227 408 p

132 399 147 447 1
168 381 270 463 beam,
284 380 371 463 quod
384 381 519 445 libertus
534 401 624 444 meus
638 381 718 444 meis
732 380 877 444 moribus
892 381 998 466 gessit.
1020 377 1191 463 Superest,
1226 411 1227 440 1

166 474 203 534 ut
227 468 397 534 coheredes
421 491 523 552 aequo
547 469 655 534 animo
678 469 782 533 ferant
806 470 977 554 separatim
1001 491 1053 533 me
1073 469 1191 532 vendi·
1226 451 1227 540 1

167 559 259 639 disse,
283 559 369 642 quod
391 557 473 622 mihi
495 558 588 623 licuit
611 559 741 622 omnino
760 579 826 621 non
845 558 988 642 vendere.
1016 554 1085 622 Nec
1104 580 1187 622 vero
1226 543 1227 594 l

115 667 146 714 ·8
167 651 328 734 cogimtur
358 647 478 712 imitari
510 669 618 711 meum
651 647 841 730 exemplum.
891 645 968 711 Non
998 648 1082 711 enim
1114 647 1187 710 illis
1213 674 1222 712 1

151 734 277 802 'eadem
302 757 375 801 oum
395 733 533 800 Corellia
555 737 633 801 iura.
666 734 808 800 Possunt
826 758 902 822 ergo
922 737 1040 802 intueri
1058 736 1185 800 utilita-

165 831 231 891 tem
256 847 356 908 suam,
379 847 437 910 pro
462 847 525 908 qua
548 825 629 890 mihi
651 825 715 889 fuit
738 825 887 893 amicitia.
933 823 1023 890 Vale.

639 989 705 1048 ΧΠ,

429 1091 457 1138 c.
480 1090 619 1138 11111111
643 1090 780 1137 unumo
805 1090 870 1138 suo
894 1090 920 1138 s.

132 1200 145 1247 1
230 1181 392 1246 Libellum
405 1181 580 1245 formatum
594 1203 613 1244 a
627 1203 688 1263 me,
707 1181 790 1246 sicut
804 1202 963 1267 exegeras,
978 1202 1042 1263 quo
1056 1179 1184 1244 amicus
1198 1205 1221 1245 11

165 1277 253 1354 tuus,
276 1273 376 1335 immo
400 1274 509 1334 noster
533 1267 625 1356 (quid
648 1270 733 1333 enim
756 1291 823 1334 non
844 1291 1016 1334 commune
1037 1266 1183 1355 nobis?),

166 1362 193 1425 si
216 1382 266 1424 res
297 1363 459 1444 posceret,
490 1362 641 1444 uteretur,
673 1359 748 1422 misi
779 1359 840 1423 tibi
872 1359 943 1423 ideo
971 1359 1108 1440 tardius,
1139 1379 1183 1421 ne

165 1454 292 1532 tempus
323 1447 512 1513 emendandi
541 1468 631 1531 eum,
659 1447 765 1511 idest
793 1447 1009 1530 disperdendi,
1035 1447 1181 1512 haberes.

130 1555 146 1603 a
165 1537 309 1602 Habebis
332 1541 453 1619 tamen,
480 1559 522 1600 an
545 1536 747 1614 emendandi,
774 1538 896 1620 neseio,
923 1537 1036 1620 utique
1059 1537 1182 1618 disper-

167 1626 269 1690 dendi.
298 1625 403 1706 Ὑμεῖς
425 1627 488 1708 γὰρ
513 1626 547 1690 ol
568 1625 698 1708 εὔζηλοι
727 1625 849 1708 optima
872 1646 1017 1709 quaeque
1040 1623 1181 1690 detrahi-
1195 1649 1218 1688 11

131 1732 147 1780 3
166 1714 217 1778 111.
242 1712 335 1790 Quod
358 1715 385 1778 si
407 1714 529 1798 feceris,
551 1714 630 1778 boni
653 1715 827 1779 consulam.
862 1714 980 1778 Postea
996 1714 1089 1782 ¹enim
1113 1711 1181 1776 illis

166 1825 206 1868 ex
233 1803 341 1886 aliqua
369 1803 534 1867 occasione
561 1806 599 1866 ut
625 1803 705 1867 meis
732 1807 806 1867 utar
834 1808 867 1868 et
888 1803 1044 1867 beneficio
1067 1800 1182 1866 fastidi

165 1893 215 1957 tui
236 1892 305 1976 ipse
327 1892 514 1975 laudabor†
533 1895 570 1956 ut
587 1892 622 1955 in
640 1912 687 1975 eo,
712 1891 799 1975 quod
824 1892 1012 1957 adnotatum
1034 1892 1181 1956 invenies

129 2001 147 2048 4
167 1985 199 2046 et
222 2003 319 2065 supra
342 1983 460 2065 scripto
483 1981 577 2045 aliter
599 1981 795 2064 explicitum.
823 1979 1013 2064 Nemeum
1037 1982 1180 2065 suspica-

166 2093 217 2135 rer
238 2071 383 2134 futurum
411 2074 448 2134 ut
474 2070 535 2134 tibi
562 2069 717 2134 tumidius
744 2070 917 2154 videretur,
948 2070 1102 2152 quoniam
1131 2074 1181 2134 est
1194 2049 1227 2132 111

167 2160 332 2225 sonantius
355 2163 388 2223 et
410 2160 535 2241 elatius,
552 2180 618 2222 non
637 2159 776 2223 alienum
795 2159 985 2242 existimavi,
1003 2181 1044 2222 ne
1063 2162 1096 2222 te
1114 2163 1179 2223 tor-
1226 2125 1227 2176 l

167 2270 288 2332 queres,
312 2247 426 2312 addere
450 2249 559 2312 statim
582 2249 722 2331 pressius
752 2248 904 2331 quiddam
932 2252 965 2312 et
987 2248 1104 2312 exilius
1127 2248 1180 2310 vel

166 2338 274 2422 potius
297 2337 452 2401 humilius
475 2341 508 2403 et
530 2337 631 2420 peius,
654 2340 761 2401 vestro
784 2341 893 2401 tamen
912 2337 1031 2401 iudicio
1049 2337 1177 2400 rectius.

131 2423 232 2492 tOur
255 2427 340 2491 enim
363 2446 429 2489 non
455 2443 685 2510 usquequaque
712 2427 901 2491 tenuitatem
928 2429 1068 2490 vestram
1096 2427 1177 2489 inse·

167 2537 247 2599 quar
275 2519 307 2579 et
334 2515 514 2600 exagitem?
546 2514 648 2599 Haec,
675 2519 712 2580 ut
734 2515 819 2579 inter
845 2516 923 2580 istas
951 2514 1175 2597 occupationes
1190 2536 1215 2576 11

131 2604 288 2687 saliquid
319 2603 491 2686 aliquando
514 2603 648 2689 rideres3
678 2604 759 2668 illud
789 2605 884 2669 serio:
915 2603 1001 2686 vide,
1032 2607 1070 2667 ut
1097 2601 1176 2667 mihi

165 2694 319 2758 viaticum
342 2692 469 2776 reddas,
500 2693 586 2776 quod
608 2693 741 2776 inpendi
764 2692 838 2757 data
861 2714 958 2776 opera
981 2712 1110 2758 cursore
1133 2691 1176 2754 di·

166 2783 273 2847 missu.
305 2779 356 2846 Ne
378 2785 424 2866 tu,
448 2803 521 2846 eum
543 2781 606 2846 hoc
627 2782 752 2867 legeris,
774 2803 841 2846 non
858 2786 965 2866 partes
987 2781 1100 2864 libelli,
1122 2779 1175 2846 sed

165 2875 271 2936 totum
289 2871 434 2936 libellum
451 2870 639 2955 inprobabis
657 2870 852 2956 negabisque
870 2871 968 2934 ullius
986 2871 1082 2954 pretii
1101 2891 1175 2950 esse,
1226 2899 1227 2904 ¹

166 2961 257 3025 cuius
280 2960 419 3043 pretium
442 2960 625 3044 reposueris.
670 2958 760 3024 Vale.
1187 2980 1227 3030 11

240 3138 254 3186 7
273 3150 341 3203 prae
355 3133 454 3205 Stangl
468 3137 562 3204 amq.
576 3135 611 3201 cf.
626 3134 781 3189 dissimilia.
845 3139 877 3187 11
898 3149 1034 3188 conrnune
1050 3136 1094 3201 Μ,
1108 3133 1171 3188 ΚΙ.

168 3207 201 3256 18
227 3205 327 3268 111111,
347 3236 380 3244 -
402 3220 435 3258 eo
459 3221 570 3273 quoque
593 3205 687 3260 adnot.
707 3206 773 3274 Dp,
796 3205 987 3259 annotandum
1012 3206 1171 3258 annotatum

168 3288 278 3340 quoque
291 3291 342 3340 νς,
359 3275 577 3344 unumquodque
591 3277 757 3330 annotatum
773 3275 867 3344 Gran,
885 3277 982 3345 utique
997 3275 1027 3330 in
1041 3292 1083 3343 eo,
1102 3274 1171 3354 quod

146 3349 148 3354 ’
167 3343 238 3396 coni.
253 3344 291 3396 K.
310 3345 378 3412 desp.
389 3346 467 3400 1115
485 3349 520 3414 cs.
540 3347 601 3402 Vr.
610 3351 638 3401 2.
707 3353 740 3400 19
760 3363 893 3416 superser.
914 3348 996 3401 ΚΠ
1009 3348 1044 3414 cf.
1065 3346 1171 3400 &aar

168 3412 264 3477 locum,
282 3413 314 3466 in
327 3430 379 3482 quo
397 3423 435 3471 est
453 3417 664 3487 superscriptus.
685 3449 716 3458 —
737 3417 794 3472 alio
812 3419 930 3473 Bortbio
948 3425 1019 3472 auat.
1039 3418 1125 3471 ΚΠ.
