<?xml version="1.0" encoding="UTF-8"?>
<!DOCTYPE html PUBLIC "-//W3C//DTD XHTML 1.0 Transitional//EN"
    "http://www.w3.org/TR/xhtml1/DTD/xhtml1-transitional.dtd">
<html xmlns="http://www.w3.org/1999/xhtml" xml:lang="en" lang="en">
 <head>
  <title>
</title>
<meta http-equiv="Content-Type" content="text/html;charset=utf-8" />
  <meta name='ocr-system' content='tesseract 3.04.00' />
  <meta name='ocr-capabilities' content='ocr_page ocr_carea ocr_par ocr_line ocrx_word'/>
</head>
<body>
  <div class='ocr_page' id='page_1' title='image "./cplinicaecilise00mlgoog_0283.png"; bbox 0 0 2480 3942; ppageno 0'>
   <div class='ocr_carea' id='block_1_1' title="bbox 169 119 869 184">
    <p class='ocr_par' dir='ltr' id='par_1_1' title="bbox 169 119 869 184">
     <span class='ocr_line' id='line_1_1' title="bbox 169 119 869 184; baseline 0.001 -11"><span class='ocrx_word' id='word_1_1' title='bbox 169 120 234 184; x_wconf 75' lang='grc'>272</span> <span class='ocrx_word' id='word_1_2' title='bbox 486 119 514 174; x_wconf 79' lang='lat' dir='ltr'>ss.</span> <span class='ocrx_word' id='word_1_3' title='bbox 533 119 632 174; x_wconf 82' lang='lat' dir='ltr'><strong>PLINI</strong></span> <span class='ocrx_word' id='word_1_4' title='bbox 650 120 697 174; x_wconf 84' lang='lat' dir='ltr'>ET</span> <span class='ocrx_word' id='word_1_5' title='bbox 716 119 869 176; x_wconf 79' lang='lat' dir='ltr'><strong>TRAIANI</strong></span> 
     </span>
    </p>
   </div>
   <div class='ocr_carea' id='block_1_2' title="bbox 139 284 1224 637">
    <p class='ocr_par' dir='ltr' id='par_1_2' title="bbox 139 284 1224 496">
     <span class='ocr_line' id='line_1_2' title="bbox 170 284 1224 372; baseline 0.002 -24"><span class='ocrx_word' id='word_1_6' title='bbox 170 284 312 370; x_wconf 86' lang='lat' dir='ltr'>gentiam</span> <span class='ocrx_word' id='word_1_7' title='bbox 335 305 408 348; x_wconf 91' lang='lat' dir='ltr'>cum</span> <span class='ocrx_word' id='word_1_8' title='bbox 430 287 501 349; x_wconf 87' lang='lat' dir='ltr'>tota</span> <span class='ocrx_word' id='word_1_9' title='bbox 524 285 618 348; x_wconf 90' lang='lat' dir='ltr'>domo</span> <span class='ocrx_word' id='word_1_10' title='bbox 642 305 712 348; x_wconf 90' lang='lat' dir='ltr'>mea</span> <span class='ocrx_word' id='word_1_11' title='bbox 735 284 888 368; x_wconf 85' lang='lat' dir='ltr'>experiar,</span> <span class='ocrx_word' id='word_1_12' title='bbox 911 285 963 348; x_wconf 93' lang='lat' dir='ltr'>cui</span> <span class='ocrx_word' id='word_1_13' title='bbox 980 285 1100 350; x_wconf 88' lang='lat' dir='ltr'>referre</span> <span class='ocrx_word' id='word_1_14' title='bbox 1120 307 1185 372; x_wconf 86' lang='lat' dir='ltr'>gra-</span> <span class='ocrx_word' id='word_1_15' title='bbox 1223 331 1224 336; x_wconf 20' lang='grc' dir='ltr'>η</span> 
     </span>
     <span class='ocr_line' id='line_1_3' title="bbox 139 372 1185 458; baseline -0.001 -20"><span class='ocrx_word' id='word_1_16' title='bbox 139 387 142 392; x_wconf 88' lang='grc'><em>“</em></span> <span class='ocrx_word' id='word_1_17' title='bbox 171 373 250 438; x_wconf 83' lang='lat' dir='ltr'>tiam</span> <span class='ocrx_word' id='word_1_18' title='bbox 277 395 387 457; x_wconf 88' lang='lat' dir='ltr'>parem</span> <span class='ocrx_word' id='word_1_19' title='bbox 413 394 454 438; x_wconf 91' lang='lat' dir='ltr'>ne</span> <span class='ocrx_word' id='word_1_20' title='bbox 477 374 577 437; x_wconf 83' lang='lat' dir='ltr'><strong>audeo</strong></span> <span class='ocrx_word' id='word_1_21' title='bbox 608 372 750 457; x_wconf 90' lang='lat' dir='ltr'>quidem,</span> <span class='ocrx_word' id='word_1_22' title='bbox 783 372 930 457; x_wconf 75' lang='lat' dir='ltr'>quamvis</span> <span class='ocrx_word' id='word_1_23' title='bbox 953 374 1093 438; x_wconf 83' lang='lat' dir='ltr'>maxime</span> <span class='ocrx_word' id='word_1_24' title='bbox 1116 395 1185 458; x_wconf 88' lang='lat' dir='ltr'>pos·</span> 
     </span>
    </p>

    <p class='ocr_par' dir='ltr' id='par_1_3' title="bbox 171 460 1184 547">
     <span class='ocr_line' id='line_1_4' title="bbox 171 460 1184 547; baseline 0.003 -22"><span class='ocrx_word' id='word_1_25' title='bbox 171 461 242 526; x_wconf 88' lang='lat' dir='ltr'>sim.</span> <span class='ocrx_word' id='word_1_26' title='bbox 288 460 402 546; x_wconf 90' lang='lat' dir='ltr'>Itaque</span> <span class='ocrx_word' id='word_1_27' title='bbox 425 463 466 526; x_wconf 88' lang='lat' dir='ltr'>ad</span> <span class='ocrx_word' id='word_1_28' title='bbox 488 467 564 527; x_wconf 85' lang='lat' dir='ltr'>vota</span> <span class='ocrx_word' id='word_1_29' title='bbox 587 461 739 547; x_wconf 81' lang='lat' dir='ltr'>confugio</span> <span class='ocrx_word' id='word_1_30' title='bbox 764 463 903 546; x_wconf 89' lang='lat' dir='ltr'>deosque</span> <span class='ocrx_word' id='word_1_31' title='bbox 926 483 1051 547; x_wconf 82' lang='lat' dir='ltr'><strong>precor,</strong></span> <span class='ocrx_word' id='word_1_32' title='bbox 1079 467 1117 528; x_wconf 92' lang='lat' dir='ltr'>ut</span> <span class='ocrx_word' id='word_1_33' title='bbox 1139 463 1184 546; x_wconf 89' lang='lat' dir='ltr'>iis,</span> 
     </span>
    </p>

    <p class='ocr_par' dir='ltr' id='par_1_4' title="bbox 172 550 1156 637">
     <span class='ocr_line' id='line_1_5' title="bbox 172 550 1156 637; baseline 0.004 -24"><span class='ocrx_word' id='word_1_34' title='bbox 172 571 253 634; x_wconf 91' lang='lat' dir='ltr'>quae</span> <span class='ocrx_word' id='word_1_35' title='bbox 276 550 312 614; x_wconf 91' lang='lat' dir='ltr'>in</span> <span class='ocrx_word' id='word_1_36' title='bbox 333 573 385 616; x_wconf 91' lang='lat' dir='ltr'>me</span> <span class='ocrx_word' id='word_1_37' title='bbox 408 551 539 616; x_wconf 88' lang='lat' dir='ltr'>adsidue</span> <span class='ocrx_word' id='word_1_38' title='bbox 563 551 702 634; x_wconf 79' lang='lat' dir='ltr'>confers,</span> <span class='ocrx_word' id='word_1_39' title='bbox 719 571 786 614; x_wconf 91' lang='lat' dir='ltr'>non</span> <span class='ocrx_word' id='word_1_40' title='bbox 808 551 959 637; x_wconf 88' lang='lat' dir='ltr'>indignus</span> <span class='ocrx_word' id='word_1_41' title='bbox 982 551 1156 618; x_wconf 86' lang='lat' dir='ltr'>existimer.</span> 
     </span>
    </p>
   </div>
   <div class='ocr_carea' id='block_1_3' title="bbox 137 692 1224 1418">
    <p class='ocr_par' dir='ltr' id='par_1_5' title="bbox 589 692 1213 777">
     <span class='ocr_line' id='line_1_6' title="bbox 589 692 1213 777; baseline 0.002 -21"><span class='ocrx_word' id='word_1_42' title='bbox 589 697 653 756; x_wconf 85' lang='lat' dir='ltr'>LH.</span> <span class='ocrx_word' id='word_1_43' title='bbox 677 692 766 777; x_wconf 69' lang='lat' dir='ltr'>[Lx]</span> <span class='ocrx_word' id='word_1_44' title='bbox 1205 719 1213 757; x_wconf 70' lang='grc' dir='ltr'>ε</span> 
     </span>
    </p>

    <p class='ocr_par' dir='ltr' id='par_1_6' title="bbox 367 798 1224 856">
     <span class='ocr_line' id='line_1_7' title="bbox 367 798 1224 856; baseline 0.001 -11"><span class='ocrx_word' id='word_1_45' title='bbox 367 798 395 856; x_wconf 80' lang='lat' dir='ltr'>c.</span> <span class='ocrx_word' id='word_1_46' title='bbox 420 799 559 846; x_wconf 80' lang='lat' dir='ltr'>anms</span> <span class='ocrx_word' id='word_1_47' title='bbox 585 798 738 846; x_wconf 74' lang='lat' dir='ltr'>TRAIANO</span> <span class='ocrx_word' id='word_1_48' title='bbox 761 799 988 847; x_wconf 74' lang='lat' dir='ltr'>Iurnnarom.</span> <span class='ocrx_word' id='word_1_49' title='bbox 1223 807 1224 822; x_wconf 56' lang='lat'>¹</span> 
     </span>
    </p>

    <p class='ocr_par' dir='ltr' id='par_1_7' title="bbox 170 887 1224 1240">
     <span class='ocr_line' id='line_1_8' title="bbox 238 887 1224 974; baseline 0.001 -22"><span class='ocrx_word' id='word_1_50' title='bbox 238 887 341 973; x_wconf 90' lang='lat' dir='ltr'>Diem,</span> <span class='ocrx_word' id='word_1_51' title='bbox 356 888 493 972; x_wconf 90' lang='lat' dir='ltr'>domine,</span> <span class='ocrx_word' id='word_1_52' title='bbox 512 911 575 972; x_wconf 92' lang='lat' dir='ltr'>quo</span> <span class='ocrx_word' id='word_1_53' title='bbox 596 890 729 953; x_wconf 87' lang='lat' dir='ltr'>servasti</span> <span class='ocrx_word' id='word_1_54' title='bbox 746 889 928 974; x_wconf 91' lang='lat' dir='ltr'>imperium,</span> <span class='ocrx_word' id='word_1_55' title='bbox 946 889 1022 954; x_wconf 88' lang='lat' dir='ltr'>dum</span> <span class='ocrx_word' id='word_1_56' title='bbox 1041 890 1184 974; x_wconf 80' lang='lat' dir='ltr'>suscipis,</span> <span class='ocrx_word' id='word_1_57' title='bbox 1223 889 1224 928; x_wconf 68' lang='lat'><em>³</em></span> 
     </span>
     <span class='ocr_line' id='line_1_9' title="bbox 172 977 1224 1063; baseline 0.004 -22"><span class='ocrx_word' id='word_1_58' title='bbox 172 982 291 1061; x_wconf 88' lang='lat' dir='ltr'>quanta</span> <span class='ocrx_word' id='word_1_59' title='bbox 313 977 443 1042; x_wconf 88' lang='lat' dir='ltr'>mereris</span> <span class='ocrx_word' id='word_1_60' title='bbox 466 977 602 1062; x_wconf 90' lang='lat' dir='ltr'>laetitia,</span> <span class='ocrx_word' id='word_1_61' title='bbox 632 977 862 1043; x_wconf 77' lang='lat' dir='ltr'>celebravimus</span> <span class='ocrx_word' id='word_1_62' title='bbox 891 978 1012 1061; x_wconf 85' lang='lat' dir='ltr'>precati</span> <span class='ocrx_word' id='word_1_63' title='bbox 1034 979 1125 1063; x_wconf 86' lang='lat' dir='ltr'>deos,</span> <span class='ocrx_word' id='word_1_64' title='bbox 1152 983 1184 1042; x_wconf 89' lang='lat' dir='ltr'>ut</span> <span class='ocrx_word' id='word_1_65' title='bbox 1223 997 1224 1046; x_wconf 73' lang='lat' dir='ltr'>l</span> 
     </span>
     <span class='ocr_line' id='line_1_10' title="bbox 170 1066 1185 1153; baseline 0.002 -23"><span class='ocrx_word' id='word_1_66' title='bbox 170 1071 203 1130; x_wconf 88' lang='lat' dir='ltr'>te</span> <span class='ocrx_word' id='word_1_67' title='bbox 227 1066 335 1153; x_wconf 80' lang='lat' dir='ltr'>generi</span> <span class='ocrx_word' id='word_1_68' title='bbox 357 1068 508 1150; x_wconf 90' lang='lat' dir='ltr'>humano,</span> <span class='ocrx_word' id='word_1_69' title='bbox 531 1068 621 1130; x_wconf 89' lang='lat' dir='ltr'>cuius</span> <span class='ocrx_word' id='word_1_70' title='bbox 644 1068 745 1131; x_wconf 90' lang='lat' dir='ltr'>tutela</span> <span class='ocrx_word' id='word_1_71' title='bbox 767 1071 800 1132; x_wconf 91' lang='lat' dir='ltr'>et</span> <span class='ocrx_word' id='word_1_72' title='bbox 823 1066 975 1132; x_wconf 86' lang='lat' dir='ltr'>securitas</span> <span class='ocrx_word' id='word_1_73' title='bbox 997 1067 1097 1132; x_wconf 87' lang='lat' dir='ltr'>saluti</span> <span class='ocrx_word' id='word_1_74' title='bbox 1114 1072 1185 1132; x_wconf 90' lang='lat' dir='ltr'>tuae</span> 
     </span>
     <span class='ocr_line' id='line_1_11' title="bbox 171 1155 1224 1240; baseline 0.001 -21"><span class='ocrx_word' id='word_1_75' title='bbox 171 1156 277 1226; x_wconf 78' lang='lat' dir='ltr'>innisa</span> <span class='ocrx_word' id='word_1_76' title='bbox 301 1159 358 1240; x_wconf 87' lang='lat' dir='ltr'>est,</span> <span class='ocrx_word' id='word_1_77' title='bbox 381 1155 573 1220; x_wconf 88' lang='lat' dir='ltr'>incolumem</span> <span class='ocrx_word' id='word_1_78' title='bbox 595 1155 825 1239; x_wconf 90' lang='lat' dir='ltr'>florentemque</span> <span class='ocrx_word' id='word_1_79' title='bbox 847 1159 1056 1239; x_wconf 76' lang='lat' dir='ltr'>praestarent.</span> <span class='ocrx_word' id='word_1_80' title='bbox 1093 1155 1183 1220; x_wconf 82' lang='lat' dir='ltr'>Prae</span> <span class='ocrx_word' id='word_1_81' title='bbox 1195 1175 1224 1220; x_wconf 53' lang='grc' dir='ltr'>ιοἶ</span> 
     </span>
    </p>

    <p class='ocr_par' dir='ltr' id='par_1_8' title="bbox 137 1244 1224 1544">
     <span class='ocr_line' id='line_1_12' title="bbox 137 1244 1224 1335; baseline 0.003 -27"><span class='ocrx_word' id='word_1_82' title='bbox 137 1275 142 1285; x_wconf 49' lang='grc' dir='ltr'><em>ν</em></span> <span class='ocrx_word' id='word_1_83' title='bbox 171 1244 289 1310; x_wconf 85' lang='lat' dir='ltr'>ivimus</span> <span class='ocrx_word' id='word_1_84' title='bbox 312 1249 345 1310; x_wconf 90' lang='lat' dir='ltr'>et</span> <span class='ocrx_word' id='word_1_85' title='bbox 368 1244 641 1310; x_wconf 89' lang='lat' dir='ltr'>commilitonibus</span> <span class='ocrx_word' id='word_1_86' title='bbox 660 1245 710 1335; x_wconf 87' lang='lat' dir='ltr'>ius</span> <span class='ocrx_word' id='word_1_87' title='bbox 733 1244 904 1310; x_wconf 87' lang='lat' dir='ltr'>iurandum</span> <span class='ocrx_word' id='word_1_88' title='bbox 926 1265 1014 1309; x_wconf 89' lang='lat' dir='ltr'>more</span> <span class='ocrx_word' id='word_1_89' title='bbox 1038 1245 1183 1310; x_wconf 77' lang='lat' dir='ltr'>sollemni</span> <span class='ocrx_word' id='word_1_90' title='bbox 1223 1305 1224 1328; x_wconf 20' lang='grc' dir='ltr'>ἶ</span> 
     </span>
     <span class='ocr_line' id='line_1_13' title="bbox 172 1333 1074 1418; baseline 0 -20"><span class='ocrx_word' id='word_1_91' title='bbox 172 1334 282 1399; x_wconf 88' lang='lat' dir='ltr'>eadem</span> <span class='ocrx_word' id='word_1_92' title='bbox 305 1333 555 1418; x_wconf 81' lang='lat' dir='ltr'>provincialibus</span> <span class='ocrx_word' id='word_1_93' title='bbox 579 1337 719 1399; x_wconf 88' lang='lat' dir='ltr'>certante</span> <span class='ocrx_word' id='word_1_94' title='bbox 741 1333 862 1417; x_wconf 86' lang='lat' dir='ltr'>pietate</span> <span class='ocrx_word' id='word_1_95' title='bbox 883 1333 1074 1399; x_wconf 86' lang='lat' dir='ltr'>iurantibus.</span> 
     </span>
    </p>
   </div>
   <div class='ocr_carea' id='block_1_4' title="bbox 486 1492 841 1648">
    <p class='ocr_par' dir='ltr' id='par_1_9' title="bbox 486 1492 841 1648">
     <span class='ocr_line' id='line_1_14' title="bbox 572 1492 782 1578; baseline 0 -21"><span class='ocrx_word' id='word_1_96' title='bbox 572 1497 652 1558; x_wconf 76' lang='lat' dir='ltr'>nni.</span> <span class='ocrx_word' id='word_1_97' title='bbox 676 1492 782 1578; x_wconf 76' lang='lat' dir='ltr'>[exi]</span> 
     </span>
     <span class='ocr_line' id='line_1_15' title="bbox 486 1599 841 1648; baseline 0.006 -2"><span class='ocrx_word' id='word_1_98' title='bbox 486 1605 488 1609; x_wconf 89' lang='grc'><strong>’</strong></span> <span class='ocrx_word' id='word_1_99' title='bbox 515 1599 688 1648; x_wconf 79' lang='lat' dir='ltr'>TRAIANUS</span> <span class='ocrx_word' id='word_1_100' title='bbox 712 1599 841 1648; x_wconf 85' lang='lat' dir='ltr'><strong>PLINIO.</strong></span> 
     </span>
    </p>
   </div>
   <div class='ocr_carea' id='block_1_5' title="bbox 135 1688 1224 3125">
    <p class='ocr_par' dir='ltr' id='par_1_10' title="bbox 136 1688 1224 2680">
     <span class='ocr_line' id='line_1_16' title="bbox 239 1688 1213 1775; baseline 0 -23"><span class='ocrx_word' id='word_1_101' title='bbox 239 1688 365 1766; x_wconf 87' lang='lat' dir='ltr'>Quanta</span> <span class='ocrx_word' id='word_1_102' title='bbox 387 1689 542 1775; x_wconf 82' lang='lat' dir='ltr'>religione</span> <span class='ocrx_word' id='word_1_103' title='bbox 565 1694 597 1754; x_wconf 91' lang='lat' dir='ltr'>et</span> <span class='ocrx_word' id='word_1_104' title='bbox 619 1689 742 1766; x_wconf 88' lang='lat' dir='ltr'>laetitia</span> <span class='ocrx_word' id='word_1_105' title='bbox 765 1690 998 1754; x_wconf 75' lang='lat' dir='ltr'>commilitones</span> <span class='ocrx_word' id='word_1_106' title='bbox 1021 1710 1213 1774; x_wconf 72' lang='lat' dir='ltr'>cumpro-1⁵</span> 
     </span>
     <span class='ocr_line' id='line_1_17' title="bbox 170 1776 1183 1862; baseline 0.003 -22"><span class='ocrx_word' id='word_1_107' title='bbox 170 1776 362 1842; x_wconf 79' lang='lat' dir='ltr'>vincialibus</span> <span class='ocrx_word' id='word_1_108' title='bbox 394 1782 427 1842; x_wconf 91' lang='lat' dir='ltr'>te</span> <span class='ocrx_word' id='word_1_109' title='bbox 459 1782 631 1862; x_wconf 90' lang='lat' dir='ltr'>praeeunte</span> <span class='ocrx_word' id='word_1_110' title='bbox 667 1779 751 1843; x_wconf 90' lang='lat' dir='ltr'>diem</span> <span class='ocrx_word' id='word_1_111' title='bbox 787 1779 912 1862; x_wconf 88' lang='lat' dir='ltr'>imperii</span> <span class='ocrx_word' id='word_1_112' title='bbox 948 1778 1012 1842; x_wconf 89' lang='lat' dir='ltr'>mei</span> <span class='ocrx_word' id='word_1_113' title='bbox 1048 1780 1183 1844; x_wconf 87' lang='lat' dir='ltr'>celebra-</span> 
     </span>
     <span class='ocr_line' id='line_1_18' title="bbox 170 1865 1183 1953; baseline 0.002 -23"><span class='ocrx_word' id='word_1_114' title='bbox 170 1868 287 1949; x_wconf 85' lang='lat' dir='ltr'>verint,</span> <span class='ocrx_word' id='word_1_115' title='bbox 319 1867 469 1952; x_wconf 86' lang='lat' dir='ltr'>libenter,</span> <span class='ocrx_word' id='word_1_116' title='bbox 500 1869 546 1932; x_wconf 92' lang='lat' dir='ltr'>mi</span> <span class='ocrx_word' id='word_1_117' title='bbox 569 1865 712 1932; x_wconf 79' lang='lat' dir='ltr'>Secunde</span> <span class='ocrx_word' id='word_1_118' title='bbox 734 1867 910 1950; x_wconf 82' lang='lat' dir='ltr'>carissime,</span> <span class='ocrx_word' id='word_1_119' title='bbox 942 1869 1080 1953; x_wconf 84' lang='lat' dir='ltr'>cognovi</span> <span class='ocrx_word' id='word_1_120' title='bbox 1102 1869 1183 1932; x_wconf 81' lang='lat' dir='ltr'>litte</span> 
     </span>
     <span class='ocr_line' id='line_1_19' title="bbox 169 1955 523 2020; baseline -0.011 0"><span class='ocrx_word' id='word_1_121' title='bbox 169 1955 213 2020; x_wconf 89' lang='lat' dir='ltr'>ris</span> <span class='ocrx_word' id='word_1_122' title='bbox 236 1956 310 2020; x_wconf 86' lang='lat' dir='ltr'>tuis.</span> <span class='ocrx_word' id='word_1_123' title='bbox 399 1987 403 1995; x_wconf 89' lang='lat'>·</span> <span class='ocrx_word' id='word_1_124' title='bbox 516 2002 523 2016; x_wconf 89' lang='lat'><strong>.</strong></span> 
     </span>
     <span class='ocr_line' id='line_1_20' title="bbox 564 2045 938 2128; baseline 0.002 -20"><span class='ocrx_word' id='word_1_125' title='bbox 564 2049 641 2108; x_wconf 81' lang='lat' dir='ltr'>mu</span> <span class='ocrx_word' id='word_1_126' title='bbox 666 2045 788 2128; x_wconf 76' lang='lat' dir='ltr'>[nm]</span> <span class='ocrx_word' id='word_1_127' title='bbox 935 2057 938 2064; x_wconf 66' lang='grc'><strong>’</strong></span> 
     </span>
     <span class='ocr_line' id='line_1_21' title="bbox 369 2150 1215 2200; baseline -0.004 -1"><span class='ocrx_word' id='word_1_128' title='bbox 369 2151 397 2200; x_wconf 79' lang='lat'>0.</span> <span class='ocrx_word' id='word_1_129' title='bbox 421 2150 560 2198; x_wconf 73' lang='lat' dir='ltr'>nummus</span> <span class='ocrx_word' id='word_1_130' title='bbox 585 2151 737 2199; x_wconf 72' lang='lat' dir='ltr'>remano</span> <span class='ocrx_word' id='word_1_131' title='bbox 761 2151 986 2199; x_wconf 71' lang='lat' dir='ltr'>manserem.</span> <span class='ocrx_word' id='word_1_132' title='bbox 1195 2157 1215 2197; x_wconf 79' lang='lat' dir='ltr'>a</span> 
     </span>
     <span class='ocr_line' id='line_1_22' title="bbox 136 2239 1184 2324; baseline 0 -20"><span class='ocrx_word' id='word_1_133' title='bbox 136 2258 150 2304; x_wconf 94' lang='lat'><strong>1</strong></span> <span class='ocrx_word' id='word_1_134' title='bbox 236 2239 392 2304; x_wconf 82' lang='lat' dir='ltr'>Pecuniae</span> <span class='ocrx_word' id='word_1_135' title='bbox 414 2241 575 2324; x_wconf 89' lang='lat' dir='ltr'>publicae,</span> <span class='ocrx_word' id='word_1_136' title='bbox 602 2240 742 2323; x_wconf 90' lang='lat' dir='ltr'>domine,</span> <span class='ocrx_word' id='word_1_137' title='bbox 769 2240 971 2324; x_wconf 82' lang='lat' dir='ltr'>providentia</span> <span class='ocrx_word' id='word_1_138' title='bbox 993 2245 1050 2305; x_wconf 90' lang='lat' dir='ltr'>tua</span> <span class='ocrx_word' id='word_1_139' title='bbox 1073 2245 1107 2305; x_wconf 92' lang='lat' dir='ltr'>et</span> <span class='ocrx_word' id='word_1_140' title='bbox 1128 2240 1184 2304; x_wconf 89' lang='lat' dir='ltr'>mi-</span> 
     </span>
     <span class='ocr_line' id='line_1_23' title="bbox 169 2327 1184 2416; baseline 0.002 -24"><span class='ocrx_word' id='word_1_141' title='bbox 169 2327 303 2393; x_wconf 86' lang='lat' dir='ltr'>nisterio</span> <span class='ocrx_word' id='word_1_142' title='bbox 326 2333 438 2393; x_wconf 89' lang='lat' dir='ltr'>nostro</span> <span class='ocrx_word' id='word_1_143' title='bbox 462 2333 494 2394; x_wconf 90' lang='lat' dir='ltr'>et</span> <span class='ocrx_word' id='word_1_144' title='bbox 516 2329 581 2394; x_wconf 88' lang='lat' dir='ltr'>iam</span> <span class='ocrx_word' id='word_1_145' title='bbox 604 2334 732 2395; x_wconf 83' lang='lat' dir='ltr'>exactae</span> <span class='ocrx_word' id='word_1_146' title='bbox 751 2333 826 2394; x_wconf 83' lang='lat' dir='ltr'>sunt</span> <span class='ocrx_word' id='word_1_147' title='bbox 845 2333 876 2393; x_wconf 86' lang='lat' dir='ltr'>ct</span> <span class='ocrx_word' id='word_1_148' title='bbox 895 2329 1081 2416; x_wconf 80' lang='lat' dir='ltr'>exiguntur3</span> <span class='ocrx_word' id='word_1_149' title='bbox 1105 2351 1184 2413; x_wconf 90' lang='lat' dir='ltr'>quac</span> 
     </span>
     <span class='ocr_line' id='line_1_24' title="bbox 169 2417 1184 2502; baseline 0 -20"><span class='ocrx_word' id='word_1_150' title='bbox 169 2436 281 2482; x_wconf 85' lang='lat' dir='ltr'>vereor</span> <span class='ocrx_word' id='word_1_151' title='bbox 302 2436 343 2482; x_wconf 95' lang='lat' dir='ltr'>ne</span> <span class='ocrx_word' id='word_1_152' title='bbox 366 2419 488 2482; x_wconf 86' lang='lat' dir='ltr'>otiosae</span> <span class='ocrx_word' id='word_1_153' title='bbox 511 2417 643 2483; x_wconf 86' lang='lat' dir='ltr'>iaceant.</span> <span class='ocrx_word' id='word_1_154' title='bbox 675 2418 759 2482; x_wconf 90' lang='lat' dir='ltr'>Nam</span> <span class='ocrx_word' id='word_1_155' title='bbox 783 2423 814 2482; x_wconf 95' lang='lat' dir='ltr'>et</span> <span class='ocrx_word' id='word_1_156' title='bbox 832 2418 1035 2501; x_wconf 88' lang='lat' dir='ltr'>praediorum</span> <span class='ocrx_word' id='word_1_157' title='bbox 1058 2439 1184 2502; x_wconf 88' lang='lat' dir='ltr'>compa-</span> 
     </span>
     <span class='ocr_line' id='line_1_25' title="bbox 169 2506 1184 2590; baseline 0 -20"><span class='ocrx_word' id='word_1_158' title='bbox 169 2507 342 2571; x_wconf 87' lang='lat' dir='ltr'>randorum</span> <span class='ocrx_word' id='word_1_159' title='bbox 364 2510 420 2572; x_wconf 93' lang='lat' dir='ltr'>aut</span> <span class='ocrx_word' id='word_1_160' title='bbox 442 2507 531 2571; x_wconf 90' lang='lat' dir='ltr'>nulla</span> <span class='ocrx_word' id='word_1_161' title='bbox 554 2511 610 2572; x_wconf 91' lang='lat' dir='ltr'>aut</span> <span class='ocrx_word' id='word_1_162' title='bbox 632 2507 793 2572; x_wconf 88' lang='lat' dir='ltr'>rarissima</span> <span class='ocrx_word' id='word_1_163' title='bbox 817 2507 940 2572; x_wconf 85' lang='lat' dir='ltr'>occasio</span> <span class='ocrx_word' id='word_1_164' title='bbox 964 2511 1026 2590; x_wconf 91' lang='lat' dir='ltr'>est,</span> <span class='ocrx_word' id='word_1_165' title='bbox 1055 2529 1116 2572; x_wconf 89' lang='lat' dir='ltr'>nec</span> <span class='ocrx_word' id='word_1_166' title='bbox 1138 2506 1184 2570; x_wconf 92' lang='lat' dir='ltr'>in-</span> 
     </span>
     <span class='ocr_line' id='line_1_26' title="bbox 170 2595 1224 2680; baseline -0.003 -21"><span class='ocrx_word' id='word_1_167' title='bbox 170 2595 355 2679; x_wconf 80' lang='lat' dir='ltr'>veniuntur,</span> <span class='ocrx_word' id='word_1_168' title='bbox 387 2597 443 2680; x_wconf 90' lang='lat' dir='ltr'>qui</span> <span class='ocrx_word' id='word_1_169' title='bbox 465 2595 565 2660; x_wconf 85' lang='lat' dir='ltr'>velint</span> <span class='ocrx_word' id='word_1_170' title='bbox 593 2597 705 2661; x_wconf 91' lang='lat' dir='ltr'>debere</span> <span class='ocrx_word' id='word_1_171' title='bbox 732 2597 778 2660; x_wconf 92' lang='lat' dir='ltr'>rei</span> <span class='ocrx_word' id='word_1_172' title='bbox 805 2597 915 2679; x_wconf 92' lang='lat' dir='ltr'>public</span> <span class='ocrx_word' id='word_1_173' title='bbox 956 2597 1224 2680; x_wconf 50' lang='lat' dir='ltr'>praescr-times*</span> 
     </span>
    </p>

    <p class='ocr_par' dir='ltr' id='par_1_11' title="bbox 135 2684 1185 2859">
     <span class='ocr_line' id='line_1_27' title="bbox 135 2684 1184 2770; baseline -0.002 -20"><span class='ocrx_word' id='word_1_174' title='bbox 135 2702 151 2750; x_wconf 79' lang='lat'>2</span> <span class='ocrx_word' id='word_1_175' title='bbox 172 2685 324 2749; x_wconf 90' lang='lat' dir='ltr'>duodenis</span> <span class='ocrx_word' id='word_1_176' title='bbox 348 2684 482 2768; x_wconf 88' lang='lat' dir='ltr'>assibus,</span> <span class='ocrx_word' id='word_1_177' title='bbox 506 2685 618 2768; x_wconf 88' lang='lat' dir='ltr'>quanti</span> <span class='ocrx_word' id='word_1_178' title='bbox 637 2708 655 2750; x_wconf 89' lang='lat' dir='ltr'>a</span> <span class='ocrx_word' id='word_1_179' title='bbox 673 2684 806 2768; x_wconf 86' lang='lat' dir='ltr'>privatis</span> <span class='ocrx_word' id='word_1_180' title='bbox 825 2689 896 2749; x_wconf 93' lang='lat' dir='ltr'>mut</span> <span class='ocrx_word' id='word_1_181' title='bbox 1015 2736 1021 2748; x_wconf 95' lang='lat'>.</span> <span class='ocrx_word' id='word_1_182' title='bbox 1053 2685 1184 2770; x_wconf 85' lang='lat' dir='ltr'>Dispice</span> 
     </span>
     <span class='ocr_line' id='line_1_28' title="bbox 171 2773 1185 2859; baseline 0.002 -23"><span class='ocrx_word' id='word_1_183' title='bbox 171 2794 257 2859; x_wconf 90' lang='lat' dir='ltr'>ergo,</span> <span class='ocrx_word' id='word_1_184' title='bbox 281 2774 417 2857; x_wconf 88' lang='lat' dir='ltr'>domine,</span> <span class='ocrx_word' id='word_1_185' title='bbox 439 2773 596 2857; x_wconf 89' lang='lat' dir='ltr'>numquid</span> <span class='ocrx_word' id='word_1_186' title='bbox 618 2774 823 2838; x_wconf 89' lang='lat' dir='ltr'>minuendam</span> <span class='ocrx_word' id='word_1_187' title='bbox 845 2795 976 2839; x_wconf 90' lang='lat' dir='ltr'>usuram</span> <span class='ocrx_word' id='word_1_188' title='bbox 993 2795 1030 2837; x_wconf 89' lang='lat' dir='ltr'>ac</span> <span class='ocrx_word' id='word_1_189' title='bbox 1047 2796 1107 2857; x_wconf 90' lang='lat' dir='ltr'>per</span> <span class='ocrx_word' id='word_1_190' title='bbox 1124 2775 1185 2838; x_wconf 88' lang='lat' dir='ltr'>hoc</span> 
     </span>
    </p>

    <p class='ocr_par' dir='ltr' id='par_1_12' title="bbox 140 2862 1216 3125">
     <span class='ocr_line' id='line_1_29' title="bbox 140 2862 1184 2948; baseline 0.002 -22"><span class='ocrx_word' id='word_1_191' title='bbox 140 2873 142 2879; x_wconf 86' lang='lat'>&#39;</span> <span class='ocrx_word' id='word_1_192' title='bbox 170 2862 301 2927; x_wconf 88' lang='lat' dir='ltr'>idoneos</span> <span class='ocrx_word' id='word_1_193' title='bbox 325 2863 483 2928; x_wconf 85' lang='lat' dir='ltr'>debitores</span> <span class='ocrx_word' id='word_1_194' title='bbox 502 2863 683 2928; x_wconf 84' lang='lat' dir='ltr'>invitandos</span> <span class='ocrx_word' id='word_1_195' title='bbox 702 2867 805 2948; x_wconf 89' lang='lat' dir='ltr'>putes,</span> <span class='ocrx_word' id='word_1_196' title='bbox 828 2866 868 2947; x_wconf 90' lang='lat' dir='ltr'>et,</span> <span class='ocrx_word' id='word_1_197' title='bbox 892 2863 920 2927; x_wconf 87' lang='lat' dir='ltr'>si</span> <span class='ocrx_word' id='word_1_198' title='bbox 937 2882 977 2927; x_wconf 91' lang='lat' dir='ltr'>ne</span> <span class='ocrx_word' id='word_1_199' title='bbox 996 2862 1184 2945; x_wconf 79' lang='lat' dir='ltr'>sicquidem</span> 
     </span>
     <span class='ocr_line' id='line_1_30' title="bbox 169 2950 1185 3036; baseline 0 -20"><span class='ocrx_word' id='word_1_200' title='bbox 169 2950 380 3036; x_wconf 86' lang='lat' dir='ltr'>reperiuntur,</span> <span class='ocrx_word' id='word_1_201' title='bbox 404 2952 655 3016; x_wconf 86' lang='lat' dir='ltr'>distribuendam</span> <span class='ocrx_word' id='word_1_202' title='bbox 684 2953 768 3016; x_wconf 91' lang='lat' dir='ltr'>inter</span> <span class='ocrx_word' id='word_1_203' title='bbox 795 2950 979 3016; x_wconf 87' lang='lat' dir='ltr'>decuriones</span> <span class='ocrx_word' id='word_1_204' title='bbox 1006 2953 1185 3035; x_wconf 87' lang='lat' dir='ltr'>pecuniam,</span> 
     </span>
     <span class='ocr_line' id='line_1_31' title="bbox 169 3041 1216 3125; baseline -0.001 -20"><span class='ocrx_word' id='word_1_205' title='bbox 169 3041 216 3105; x_wconf 86' lang='lat' dir='ltr'>ita</span> <span class='ocrx_word' id='word_1_206' title='bbox 239 3044 275 3104; x_wconf 93' lang='lat' dir='ltr'>ut</span> <span class='ocrx_word' id='word_1_207' title='bbox 296 3046 382 3106; x_wconf 90' lang='lat' dir='ltr'>recte</span> <span class='ocrx_word' id='word_1_208' title='bbox 403 3041 450 3106; x_wconf 92' lang='lat' dir='ltr'>rei</span> <span class='ocrx_word' id='word_1_209' title='bbox 473 3041 620 3124; x_wconf 88' lang='lat' dir='ltr'>publicae</span> <span class='ocrx_word' id='word_1_210' title='bbox 642 3045 786 3125; x_wconf 81' lang='lat' dir='ltr'>caveant3</span> <span class='ocrx_word' id='word_1_211' title='bbox 810 3041 897 3125; x_wconf 90' lang='lat' dir='ltr'>quod</span> <span class='ocrx_word' id='word_1_212' title='bbox 920 3061 1115 3124; x_wconf 89' lang='lat' dir='ltr'>quamquam</span> <span class='ocrx_word' id='word_1_213' title='bbox 1140 3041 1216 3105; x_wconf 78' lang='lat' dir='ltr'>in-su</span> 
     </span>
    </p>
   </div>
   <div class='ocr_carea' id='block_1_6' title="bbox 169 3128 1185 3282">
    <p class='ocr_par' dir='ltr' id='par_1_13' title="bbox 169 3128 1185 3282">
     <span class='ocr_line' id='line_1_32' title="bbox 169 3128 1185 3195; baseline 0.003 -3"><span class='ocrx_word' id='word_1_214' title='bbox 169 3129 246 3193; x_wconf 84' lang='lat' dir='ltr'>vitis</span> <span class='ocrx_word' id='word_1_215' title='bbox 278 3131 498 3195; x_wconf 73' lang='lat' dir='ltr'>recusantibus</span> <span class='ocrx_word' id='word_1_216' title='bbox 530 3130 636 3194; x_wconf 89' lang='lat' dir='ltr'>minus</span> <span class='ocrx_word' id='word_1_217' title='bbox 668 3130 816 3195; x_wconf 86' lang='lat' dir='ltr'>acerbum</span> <span class='ocrx_word' id='word_1_218' title='bbox 848 3129 908 3194; x_wconf 89' lang='lat' dir='ltr'>erit</span> <span class='ocrx_word' id='word_1_219' title='bbox 936 3128 1056 3194; x_wconf 82' lang='lat' dir='ltr'>leviore</span> <span class='ocrx_word' id='word_1_220' title='bbox 1089 3153 1185 3195; x_wconf 86' lang='lat' dir='ltr'>usura</span> 
     </span>
     <span class='ocr_line' id='line_1_33' title="bbox 171 3222 353 3282; baseline 0.011 -2"><span class='ocrx_word' id='word_1_221' title='bbox 171 3222 353 3282; x_wconf 89' lang='lat' dir='ltr'>constituta.</span> 
     </span>
    </p>
   </div>
   <div class='ocr_carea' id='block_1_7' title="bbox 172 3357 1185 3564">
    <p class='ocr_par' dir='ltr' id='par_1_14' title="bbox 172 3357 1185 3564">
     <span class='ocr_line' id='line_1_34' title="bbox 244 3357 1185 3426; baseline 0.006 -19"><span class='ocrx_word' id='word_1_222' title='bbox 244 3361 276 3407; x_wconf 79' lang='lat'>12</span> <span class='ocrx_word' id='word_1_223' title='bbox 297 3361 421 3412; x_wconf 86' lang='lat' dir='ltr'>certante</span> <span class='ocrx_word' id='word_1_224' title='bbox 441 3359 577 3425; x_wconf 69' lang='lat' dir='ltr'>Maioma,</span> <span class='ocrx_word' id='word_1_225' title='bbox 596 3357 855 3426; x_wconf 79' lang='lat' dir='ltr'>K.IIcf.cp.100,</span> <span class='ocrx_word' id='word_1_226' title='bbox 874 3359 984 3412; x_wconf 85' lang='lat' dir='ltr'>certant</span> <span class='ocrx_word' id='word_1_227' title='bbox 998 3359 1034 3424; x_wconf 78' lang='lat' dir='ltr'>A,</span> <span class='ocrx_word' id='word_1_228' title='bbox 1054 3358 1185 3414; x_wconf 83' lang='lat' dir='ltr'>certatim</span> 
     </span>
     <span class='ocr_line' id='line_1_35' title="bbox 172 3425 1185 3564; baseline 0.008 -86"><span class='ocrx_word' id='word_1_229' title='bbox 172 3425 394 3564; x_wconf 44' lang='lat' dir='ltr'>ntcropilcdffiilIi,</span> <span class='ocrx_word' id='word_1_230' title='bbox 409 3434 483 3553; x_wconf 57' lang='lat' dir='ltr'>Kld</span> <span class='ocrx_word' id='word_1_231' title='bbox 498 3445 534 3482; x_wconf 88' lang='lat' dir='ltr'>ne</span> <span class='ocrx_word' id='word_1_232' title='bbox 549 3429 588 3483; x_wconf 87' lang='lat' dir='ltr'>sic</span> <span class='ocrx_word' id='word_1_233' title='bbox 603 3429 718 3498; x_wconf 89' lang='lat' dir='ltr'>quidem</span> <span class='ocrx_word' id='word_1_234' title='bbox 733 3429 840 3496; x_wconf 71' lang='lat' dir='ltr'>(latua,</span> <span class='ocrx_word' id='word_1_235' title='bbox 855 3428 939 3484; x_wconf 75' lang='grc' dir='ltr'>ΚΠ</span> <span class='ocrx_word' id='word_1_236' title='bbox 947 3430 1032 3526; x_wconf 69' lang='lat' dir='ltr'>(dbp</span> <span class='ocrx_word' id='word_1_237' title='bbox 1041 3430 1082 3484; x_wconf 91' lang='lat' dir='ltr'><em>H</em></span> <span class='ocrx_word' id='word_1_238' title='bbox 1087 3447 1119 3500; x_wconf 78' lang='lat' dir='ltr'>p.</span> <span class='ocrx_word' id='word_1_239' title='bbox 1131 3435 1185 3498; x_wconf 86' lang='lat'>13),</span> 
     </span>
    </p>
   </div>
   <div class='ocr_carea' id='block_1_8' title="bbox 0 0 1250 3942">
    <p class='ocr_par' dir='ltr' id='par_1_15' title="bbox 0 0 1250 3942">
     <span class='ocr_line' id='line_1_36' title="bbox 0 0 1250 3942; baseline 0 0"><span class='ocrx_word' id='word_1_240' title='bbox 0 0 1250 3942; x_wconf 95' lang='lat' dir='ltr'> </span> 
     </span>
    </p>
   </div>
  </div>
 </body>
</html>
