2482 3942
345 154 602 210 EPISTULARUM
620 156 658 210 Vl
677 155 799 209 ar-vss
817 161 841 208 3.
1035 155 1098 220 169

87 338 182 403 agere
206 339 302 382 sanus
325 339 398 383 curn
421 319 501 383 meis
525 321 626 384 soleo:
665 316 777 402 ‘Spero
801 318 939 402 quidem,
962 319 989 382 si
1015 318 1099 383 forte

87 407 121 471 in
143 405 309 472 adversam
331 407 547 472 valetudinem
578 407 728 491 incidero,
755 406 838 471 nihil
864 429 916 471 me
943 407 1098 472 desidera·

86 501 195 560 turum
224 497 276 560 vel
301 496 423 580 pudore
451 497 502 561 vel
529 497 726 580 paenitentia
757 496 905 582 dignum3
937 497 964 560 si
991 499 1099 562 tamen

86 586 284 668 superaverit
306 585 446 668 morbus,
469 585 633 668 denuntio,
659 608 701 650 ne
728 587 806 668 quid
827 585 909 648 mihi
932 585 1013 649 detis
1036 585 1099 649 nisi

60 673 349 757 spermittentibus
371 675 514 757 medicis,
537 675 718 760 sciatisque,
737 676 765 738 si
786 673 945 756 dederitis,
968 674 1014 738 ita
1031 675 1100 737 vin-

86 762 277 846 dicaturum,
299 767 336 827 ut
359 764 463 828 solent
486 764 551 846 alii,
569 784 651 846 quae
673 763 852 850 negantur?
882 762 1134 846 Quin-etiamst

86 872 160 916 cum
199 855 348 936 perustus
388 851 609 917 ardentissima
648 853 737 917 febre
777 852 907 917 tandem
947 853 1100 916 remissus

86 944 269 1024 unotrsque
291 941 468 1026 acciperem
491 964 511 1005 a
532 942 657 1006 medico
680 941 855 1025 potionem,
877 941 1008 1025 porrexi
1034 963 1099 1004 ma

85 1051 175 1112 num,
197 1033 297 1114 utque
313 1033 474 1116 tangeret,
498 1030 565 1094 dixi
588 1030 817 1113 admotumque
835 1031 900 1094 iam
922 1028 1021 1094 labris
1044 1050 1100 1114 po

46 1144 73 1184 ro
86 1117 198 1182 culum
220 1118 351 1183 reddidi.
396 1119 512 1184 Postea
535 1139 609 1182 cum
634 1118 808 1184 vicensimo
831 1118 1024 1183 valetudinis
1048 1117 1133 1182 died

86 1207 217 1272 balineo
257 1229 463 1293 praepararer
503 1211 746 1292 mussantesque
787 1208 927 1272 medicos
967 1201 1099 1290 repente

86 1297 249 1380 vidissem,
278 1317 406 1362 causam
437 1298 599 1380 requisivi.
641 1295 891 1380 'Responderunt
921 1316 1015 1379 posse
1048 1317 1099 1359 ma

85 1389 159 1450 tuto
183 1383 292 1469 lavari,
314 1390 512 1450 nontamen
533 1387 666 1450 omnino
689 1387 758 1451 sine
781 1387 888 1469 aliqua
904 1385 1099 1468 suspicione.

87 1473 197 1550 5(sluid'
229 1474 361 1557 inquam
394 1474 534 1540 ‘necesse
567 1475 648 1539 est‘?'
682 1478 778 1559 atque
810 1475 856 1539 ita
888 1495 945 1558 spe
972 1473 1135 1558 balineis

46 1588 72 1628 rs
86 1563 141 1628 cui
160 1565 228 1631 iam
249 1563 383 1628 videbar
404 1563 524 1647 inferri,
547 1565 672 1647 placide
699 1565 877 1648 leniterque
901 1562 1032 1627 dimissa
1059 1561 1099 1625 ad

86 1653 316 1716 abstinentiam
337 1674 448 1717 rursus
470 1674 537 1718 non
561 1673 653 1717 secus
680 1674 718 1717 ac
745 1653 840 1717 modo
869 1653 909 1716 ad
937 1651 1100 1716 balineum

87 1742 232 1805 animum
259 1743 449 1825 uultumque
477 1743 640 1825 conposui.
680 1740 775 1818 Quae
803 1742 864 1806 tibi
891 1741 1015 1824 scripsi,
1037 1741 1135 1824 pri-s

87 1852 179 1894 mum
201 1833 238 1894 ut
260 1834 293 1895 te
315 1851 381 1895 non
404 1832 473 1895 sine
495 1832 642 1914 exemplo
666 1852 844 1913 monerem,
872 1829 984 1894 deinde
1007 1833 1045 1893 ut
1067 1830 1101 1893 in

86 1923 254 2003 posterum
280 1920 349 2004 ipse
377 1920 416 1983 ad
445 1921 576 1984 eandem
604 1920 848 2003 temperantiam
879 1918 1100 2005 adstringerer,

48 2033 74 2072 ro
88 2029 163 2072 cum
186 2030 238 2072 me
260 2008 321 2074 hac
344 2009 481 2092 epistula
505 2008 596 2092 quasi
612 2009 749 2094 pignore
774 2008 974 2093 obligassem.
1012 2006 1101 2071 Vale.

575 2173 615 2232 II.

368 2273 395 2322 c.
419 2274 558 2322 surmus
582 2273 686 2323 ursro
710 2272 776 2321 suo
801 2273 826 2322 s.

154 2361 259 2439 Quem
276 2363 318 2427 ad
336 2363 467 2428 modum
480 2365 644 2449 congruit,
663 2367 700 2427 ut
723 2364 819 2426 simul
842 2366 874 2427 et
897 2362 1045 2426 adfirmes
1068 2365 1101 2425 te
1121 2376 1136 2424 1

86 2452 232 2518 adsiduis
251 2452 521 2536 occupationibus
544 2453 693 2536 impediri
721 2456 753 2516 et
776 2453 895 2535 scripta
917 2455 1028 2515 nostra
1050 2451 1102 2514 de-

48 2568 74 2608 rs
89 2542 219 2625 sideros,
234 2563 322 2624 quae
344 2543 399 2606 ¹uix
422 2542 462 2606 ab
486 2543 598 2606 otiosis
621 2543 791 2626 impetrare
820 2540 941 2623 aliquid
967 2539 1102 2624 perituri

87 2630 245 2714 temporis
275 2631 433 2714 possunt?
487 2629 597 2694 Patiar
628 2651 704 2716 ergo
741 2634 894 2694 aestatem
926 2629 1137 2711 inquietama

88 2718 183 2783 vobis
205 2721 442 2802 exercitamque
460 2724 675 2784 transcurrere
699 2723 731 2782 et
748 2718 853 2784 hieme
872 2718 1010 2801 demum,
1029 2737 1102 2780 cum

90 2807 243 2872 credibile
258 2809 319 2873 erit
331 2808 484 2872 noctibus
503 2809 617 2872 saltem
635 2827 748 2872 vacare
766 2811 798 2871 te
817 2829 920 2890 porse,
944 2827 1102 2890 quaeram,

90 2897 169 2981 quid
188 2897 392 2981 potissimum
411 2919 450 2962 ex
468 2899 563 2982 nugis
581 2898 661 2960 meis
680 2896 741 2962 tibi
759 2896 935 2961 exhibeam.
969 2893 1103 2959 Interim
1122 2908 1138 2957 3

51 3011 76 3050 aa
90 2985 217 3050 abunde
237 2989 293 3070 est,
311 2987 338 3050 si
357 2987 512 3069 epistulae
530 3007 596 3050 non
613 2991 691 3050 sunt
708 2987 874 3069 molestae;
896 2990 973 3049 sunt
996 2989 1102 3049 autem

91 3079 123 3139 et
142 3075 219 3140 ideo
243 3075 404 3140 breviores
428 3079 529 3140 erunt.
575 3073 664 3138 Vale.

571 3240 626 3298 [Π.

324 3339 352 3387 o.
376 3341 514 3389 anrus
538 3339 733 3387 recussum
756 3338 822 3387 suo
847 3337 872 3385 s

159 3429 302 3498 Tantane
329 3431 564 3514 perseverantia
591 3435 628 3494 tu
655 3429 751 3494 modo
779 3430 814 3493 in
835 3428 985 3512 Lucania,
1008 3428 1138 3492 modor

55 3543 80 3584 ae
93 3521 127 3583 in
165 3517 360 3603 Campania?
407 3518 496 3603 ‘lpse
532 3518 634 3583 enim'
671 3518 778 3601 inquis
814 3516 986 3599 ‘Lucanus
1023 3538 1105 3580 uxor
