2458 3940
329 147 581 202 PANEGYRICUS
602 151 763 202 ras-sa.
773 163 793 202 4.
1001 147 1065 212 369

124 307 246 386 Quodsi
269 309 395 394 quando
419 332 492 375 cum
515 309 722 374 influentibus
745 311 883 396 negotiis
910 311 1000 393 paria
1022 309 1116 377 1181

54 399 139 480 cisti,
166 400 267 462 instar
294 399 476 464 refectionis
506 400 668 464 existimas
696 401 906 464 mutationem
938 399 1066 464 laboris.

56 485 146 563 Quae
174 488 257 552 enim
285 489 431 552 remissio
459 488 520 551 tibi
542 489 604 552 nisi
627 489 763 552 lustrare
786 488 896 571 saltus,
920 493 1066 554 excutere

55 576 216 640 cubilibus
230 575 322 659 feras,
332 598 489 660 superare
504 578 659 641 immensa
676 579 836 642 montium
854 579 930 664 iuga
944 581 976 642 et
994 577 1067 642 hor-

29 665 201 729 srentibus
224 666 362 748 scopulis
386 666 520 751 gradum
539 667 657 730 inferre
679 667 800 730 nullius
823 689 929 749 manu,
946 666 1066 731 nullius

55 755 193 839 vestigio
218 754 362 818 adiutum
386 760 481 838 atque
504 755 589 818 inter
610 755 688 820 haee
711 757 765 839 pia
788 759 894 819 mente
917 756 1002 820 adire
1020 756 1067 819 lu·

55 864 111 907 cos
144 847 177 906 et
209 864 374 908 occursare
403 843 611 908 numinibus?
653 842 738 908 Olim
765 843 844 908 baec
871 845 1101 927 experientias

55 932 241 1015 iuventutis,
263 932 343 998 haec
366 933 515 1016 voluptas
539 936 615 1016 erat,
633 932 683 996 bis
707 933 828 997 artibus
847 934 948 996 futuri
971 933 1065 998 duces

55 1020 295 1103 imbuebantur,
318 1023 438 1086 certare
466 1043 538 1085 cum
566 1022 735 1106 fugacibus
762 1023 838 1086 feris
865 1042 970 1105 cursu,
994 1043 1067 1086 cum

16 1134 41 1174 10
56 1109 229 1173 audacibus
248 1110 372 1194 robore,
390 1131 462 1174 oum
482 1111 605 1175 callidis
623 1114 708 1194 astu3
727 1131 786 1175 nec
801 1110 959 1175 mediocre
978 1112 1067 1195 pacis

55 1200 152 1263 decus
178 1198 356 1262 habebatur
384 1199 533 1262 submota
560 1201 680 1282 campis
708 1201 843 1283 irruptio
871 1201 1011 1264 ferarum
1035 1203 1067 1264 et

55 1287 222 1352 obsidione
245 1287 382 1371 quadam
405 1287 558 1353 liberatus
581 1290 755 1375 agrestium
783 1288 882 1353 labor.
924 1287 1067 1372 Usurpa-
1086 1307 1101 1353 3

53 1376 135 1439 bant
154 1376 288 1460 gloriam
307 1377 402 1440 istam
420 1377 468 1440 illi
487 1399 614 1461 quoque
632 1378 801 1460 principes,
820 1378 875 1462 qui
895 1378 982 1442 obire
1000 1399 1067 1442 non

54 1468 218 1550 poterant,
241 1465 439 1549 usurpabant
461 1469 567 1530 autem
591 1467 645 1549 ita,
668 1471 705 1530 ut
723 1466 860 1530 domitas
884 1467 1065 1550 fractasque

15 1579 40 1618 15
56 1553 203 1617 claustris
226 1554 309 1618 feras
332 1575 369 1618 ac
387 1554 499 1620 deinde
522 1556 556 1618 in
579 1555 722 1638 ipsorum
741 1555 870 1639 quidem
892 1556 1066 1619 ludibrium

55 1644 187 1706 emissas
199 1644 334 1707 mentita
348 1645 520 1728 sagacitate
536 1643 731 1730 colligerent.
750 1643 835 1708 Huic
849 1667 908 1728 par
922 1643 1068 1728 capiendi

55 1732 292 1815 quaerendique
320 1733 418 1796 sudor
448 1754 654 1815 summusque
685 1738 719 1798 et
750 1733 833 1797 idem
865 1735 1066 1820 gratissimus

6 1875 7 1888 ,
54 1820 147 1884 labor
169 1821 318 1886 invenire.
355 1821 537 1905 Enimvero,
559 1824 588 1885 si
611 1823 737 1907 quando
756 1823 877 1906 placuit
894 1823 981 1887 idern
1000 1844 1067 1886 cor·
1086 1839 1103 1886 4

54 1911 144 1993 poris
166 1910 265 1973 robur
287 1911 322 1973 in
344 1912 443 1974 maria
465 1911 616 1994 proferre,
643 1933 709 1975 non
736 1913 791 1975 ille
814 1912 974 1976 fluitantia
998 1912 1068 1975 vela

13 2003 113 2064 aeaut
136 1999 236 2063 oculis
255 1999 400 2082 sequitur
416 2003 473 2062 aut
490 2001 647 2082 manibus,
666 2000 722 2064 sed
739 2022 825 2065 nunc
843 1999 1067 2085 gubernaculis

56 2087 184 2170 assidet,
205 2110 291 2152 nunc
309 2109 382 2152 cum
400 2089 618 2152 valentissimo
639 2110 766 2172 quoque
785 2089 942 2153 sodalium
967 2092 1067 2152 certat

55 2177 203 2262 frangere
225 2177 352 2259 fluctus,
376 2177 530 2241 domitare
553 2181 666 2241 ventos
688 2178 881 2241 reluctantes
906 2179 1066 2261 remisque

55 2263 261 2329 tramfretare
285 2266 445 2330 obstantia
467 2267 550 2330 freta
573 2269 728 2350 quantum
753 2266 916 2330 dissimilis
935 2265 992 2348 illi,
1011 2268 1066 2350 qui

55 2376 122 2418 non
144 2352 263 2418 Albani
285 2353 374 2418 lacus
397 2355 500 2418 otium
522 2355 697 2438 Baianique
720 2358 883 2439 torporem
911 2359 943 2418 et
973 2354 1118 2420 aileu-82
1168 2373 1170 2376 ·

13 2469 42 2508 2⁵
56 2445 137 2507 tium
161 2442 254 2525 ferre,
276 2465 341 2507 non
363 2444 493 2527 pulsum
517 2444 631 2508 saltem
654 2445 879 2528 fragoremque
905 2465 1067 2508 remorum

55 2533 183 2616 perpeti
204 2536 339 2615 poterat,
363 2533 450 2616 quin
464 2533 504 2596 ad
528 2533 671 2618 singulos
690 2534 773 2598 ictus
791 2534 879 2616 turpi
898 2532 1067 2597 formidine

54 2623 265 2686 horresceretl
301 2619 414 2705 Itaque
436 2623 549 2704 procul
572 2621 611 2685 ab
636 2623 724 2686 omni
754 2643 832 2686 sono
860 2623 1067 2686 inconcussus
1088 2639 1102 2686 2

53 2711 125 2794 ipse
144 2713 177 2772 et
195 2710 346 2775 immotus
365 2711 501 2796 religato
520 2713 726 2794 revincthue
744 2711 872 2797 navigio
892 2733 959 2775 non
978 2732 1067 2774 secus

53 2820 93 2864 ac
108 2798 270 2881 piaculum
284 2798 414 2882 aliquod
424 2799 618 2864 trahebatur.
638 2799 744 2863 Foeda
757 2800 863 2882 facies,
873 2821 945 2864 cum
955 2799 1068 2884 populi
1087 2817 1102 2864 3

10 2915 40 2954 so
53 2888 195 2952 Romani
208 2888 382 2971 imperator
396 2888 536 2952 alienum
552 2909 680 2952 cursum
695 2888 898 2972 alienumque
912 2893 1068 2952 rectorem

52 2977 145 3041 velut
164 2979 257 3060 capta
277 2997 358 3040 nave
377 2981 569 3060 sequeretur.
605 2976 675 3041 Nec
699 2978 900 3041 deformitate
923 2979 985 3041 ista
1008 2976 1068 3041 sal-

51 3070 121 3129 tem
139 3065 273 3129 flumina
292 3063 450 3148 carebant,
469 3070 566 3149 atque
585 3066 682 3130 etiam
699 3066 867 3131 Danubius
886 3086 923 3132 ac
936 3065 1067 3129 Rhenus
1086 3085 1103 3130 4

127 3245 161 3293 14
180 3240 222 3294 ita
240 3242 319 3296 babet
332 3241 368 3307 A,
387 3247 468 3309 tomq.
487 3243 562 3296 lusit.
577 3241 636 3295 edd.
710 3246 743 3294 23
762 3241 944 3294 transfretare
960 3241 1067 3305 011111,

51 3309 207 3365 transferre
226 3313 312 3378 codd,
333 3311 476 3366 transilire
495 3315 542 3378 K,
564 3314 712 3366 transnare
731 3313 843 3378 Baehr,
865 3311 1035 3366 transforare
1054 3311 1069 3365 ?

53 3389 88 3437 25
104 3384 134 3436 et
149 3387 182 3434 31
207 3382 302 3436 saltim
324 3384 426 3438 Baebr.
506 3389 540 3436 28
568 3386 596 3437 et
619 3384 676 3436 iam
698 3384 820 3436 inmotus
844 3384 959 3450 Baete,
983 3383 1068 3437 ctiam

50 3457 149 3508 motus
163 3455 239 3508 codd.
294 3460 327 3507 31
347 3455 403 3508 ista
417 3461 509 3510 1111111
523 3457 624 3510 Baehr.
679 3460 711 3507 32
728 3455 807 3524 atqui
821 3455 908 3508 etiam
921 3454 1067 3508 Danuuius

52 3527 158 3580 Baehr.
178 3557 213 3564 —
231 3525 320 3579 Rhea.
341 3526 482 3579 ostentum
499 3525 580 3579 illum
598 3527 687 3581 nostri
706 3528 807 3580 Baehr.

108 3625 182 3664 Portu
194 3624 340 3665 Errsrunaa.
876 3621 909 3668 24
