2480 3942
164 147 230 214 266
481 147 509 204 o.
528 148 626 203 eamr
644 148 691 202 nu
710 148 862 202 casnm

159 313 291 377 ductum
315 316 446 399 erogata
469 316 544 376 sunt
562 315 614 380 Uo.
642 310 715 377 Hoc
735 334 863 396 quoque
882 313 994 378 relicto
1014 334 1105 377 novo
1126 314 1188 378 im-

157 401 274 484 pendio
299 406 347 466 est
371 423 462 485 opus,
484 406 521 466 ut
545 423 661 485 aquam
683 402 832 484 habeant,
856 403 912 485 qui
935 405 1061 466 tantam
1086 424 1187 486 pecu-

121 491 246 555 aniam
268 491 352 555 male
374 491 590 574 perdiderunt.
622 488 695 573 Ipse
713 492 846 573 perveni
868 491 910 555 ad
927 491 1051 556 fontem
1077 493 1187 574 puris-

158 580 285 665 simum,
304 602 343 643 ex
362 601 426 663 qno
445 580 572 643 videtur
591 602 674 663 aqua
692 579 807 644 debere
825 581 966 663 perduci,
985 581 1071 645 sicut
1086 581 1184 644 initio

156 672 351 751 temptatum
384 672 465 751 erat,
498 665 628 733 arcuato
657 690 766 751 opere,
798 672 988 733 natantum
1017 669 1058 732 ad
1082 671 1218 753 planas

156 758 296 822 civitatis
316 761 348 821 et
366 757 502 822 humilia
520 758 694 840 perveniat.
720 755 852 821 Manent
872 758 977 822 adhuc
989 760 1184 841 paucissimi

156 866 261 929 arcus3
284 850 421 929 possunt
444 849 476 911 et
500 847 580 932 erigi
598 847 728 929 quidam
747 847 853 929 lapide
874 847 1039 932 quadrato,
1064 849 1183 930 quiex

156 936 319 1018 superiore
343 957 439 1018 opere
463 934 623 999 detractus
647 939 712 1020 est3
735 936 843 1019 aliqua
865 957 950 1019 pars,
972 940 1009 1000 ut
1027 937 1111 1000 mihi
1136 937 1183 1000 vi-

156 1024 262 1106 detur,
291 1028 433 1090 testaceo
458 1045 554 1107 opere
577 1025 701 1109 agenda
723 1026 797 1108 erit,
829 1025 862 1088 id
885 1026 971 1088 enirn
994 1028 1027 1088 et
1048 1025 1181 1090 facilius

120 1117 187 1177 aet
210 1114 315 1178 vilius.
362 1109 425 1178 Sed
454 1114 489 1177 in
518 1114 631 1195 primis
660 1114 875 1178 necessarium
906 1117 954 1178 est
983 1115 1072 1178 mitti
1100 1137 1120 1178 a
1149 1118 1181 1178 te
1196 1140 1218 1178 ιο

154 1203 208 1266 vel
226 1203 407 1288 aquilegem
430 1203 482 1265 vel
501 1202 721 1286 architectum,
743 1224 784 1266 ne
802 1224 912 1290 rursus
931 1203 1067 1287 eveniat,
1091 1204 1181 1286 quod

155 1292 279 1357 accidit.
325 1290 396 1377 Ego
421 1291 503 1356 illud
525 1313 626 1355 unum
650 1291 794 1374 adfirmo,
817 1295 850 1356 et
872 1292 1045 1356 utilitatem
1070 1294 1180 1376 operis

154 1384 187 1444 et
210 1381 484 1476 pulchritudinem
508 1381 635 1444 saeculo
658 1384 715 1444 tuo
740 1401 810 1445 esse
833 1379 1064 1467 dignissimam.

494 1526 658 1586 xxxam.
683 1521 833 1608 [mvn]

500 1627 672 1675 TRAIANUS
696 1627 826 1676 PLINIO.
1191 1637 1212 1678 1⁵

222 1715 404 1781 Curandum
428 1721 487 1802 est,
508 1721 546 1781 ut
569 1740 652 1801 aqua
669 1719 704 1781 in
722 1715 991 1782 Nicomedensem
1010 1720 1176 1784 civitatem

153 1806 355 1889 perducatur.
401 1804 485 1870 Vere
509 1806 603 1870 credo
626 1810 659 1872 te
682 1829 733 1891 ea,
757 1830 820 1891 qua
844 1806 984 1891 debebis,
1007 1807 1176 1894 diligentia

153 1895 216 1958 hoo
240 1916 321 1977 opus
345 1896 579 1981 adgressumm.
624 1893 687 1960 Sed
710 1896 833 1961 medius
857 1897 953 1961 fidius
976 1897 1016 1960 ad
1040 1898 1175 1962 eandem
1228 1937 1229 1941 =

154 1983 354 2070 diligentiam
381 1988 472 2048 tuam
499 1985 639 2067 pertinet
666 1985 836 2069 inquirere,
864 2007 1001 2070 quorum
1029 1987 1108 2050 vitio
1135 1988 1175 2051 ad
1227 2031 1228 2062 ,

153 2073 216 2137 hoc
229 2078 357 2175 tempus
371 2077 495 2138 tantam
514 2075 684 2174 pecuniam
698 2071 948 2176 Nicomedenses
967 2074 1175 2176 perdiderint,
1188 2101 1211 2140 a

153 2162 282 2316 llud?
283 2185 320 2315 i
338 2167 541 2335 bilaist?
542 2161 1173 2337 ³tl1ttttabttltltffttlt
1227 2211 1228 2242 ¹

153 2339 303 2404 notitiam
326 2362 439 2404 meam.

500 2433 632 2492 xxxix.
656 2427 821 2514 [ravin]
1226 2469 1227 2514 ,

353 2533 381 2582 c.
405 2533 543 2580 enimus
569 2533 723 2581 rasiano
747 2535 972 2582 lurnulrom.
1183 2545 1227 2584 rai

119 2643 133 2689 1
221 2623 406 2707 Theatrum,
429 2624 566 2706 domine,
588 2622 727 2689 Nicaeae
746 2626 887 2690 maxima
904 2627 968 2690 iam
988 2630 1079 2709 parte
1098 2648 1170 2691 con·

155 2717 327 2796 structum,
363 2713 586 2796 imperfectum
619 2717 742 2797 tamen,
778 2715 976 2799 sestertium,
1008 2719 1044 2779 ut
1076 2715 1168 2780 audio

154 2799 272 2888 (neque
296 2802 381 2866 enim
409 2801 491 2866 ratio
515 2803 620 2884 operis
645 2823 778 2870 excussa
801 2801 865 2889 est)
889 2804 1026 2886 amplius
1053 2806 1168 2869 centies

119 2892 271 2974 ahausit,
300 2912 412 2955 vereor
439 2912 479 2954 ne
502 2890 630 2954 frustra.
676 2888 866 2977 Ingentibus
895 2893 980 2956 enim
1007 2893 1095 2958 rimis
1119 2894 1168 2957 de·
1225 2913 1226 2941 ¹

155 2980 277 3044 scandit
301 2984 333 3044 et
355 2980 433 3062 hiat,
456 2981 522 3043 sive
546 2981 580 3042 in
603 3000 698 3044 causa
722 2981 827 3044 solum
850 2981 996 3044 umidum
1015 2985 1047 3045 et
1065 2983 1168 3066 molle,
1182 3007 1225 3048 roi

153 3070 221 3134 sive
243 3069 326 3151 lapis
350 3069 419 3151 ipse
443 3069 570 3154 gracilis
595 3072 627 3132 et
649 3069 767 3154 putris,
790 3070 924 3155 dignum
948 3074 996 3134 est
1016 3075 1098 3134 certe
1117 3072 1168 3135 de·
1224 3075 1225 3086 ¹

153 3157 358 3240 liberatione,
389 3157 471 3221 sitne
501 3157 683 3222 faciendum
714 3180 755 3221 an
785 3159 826 3222 sit
856 3158 1098 3242 relinquendum
1128 3183 1168 3224 an

156 3246 252 3308 etiarn
281 3245 517 3309 destruendum.
562 3243 648 3310 Nam
675 3246 815 3310 fulturae
843 3267 881 3310 aa
909 3248 1166 3332 substructiones,
1224 3253 1225 3274 ¹

156 3332 271 3414 quibus
296 3333 437 3446 subinde
454 3335 636 3418 suscipitur,
658 3356 725 3399 non
747 3340 814 3400 tam
837 3336 948 3400 firmae
971 3337 1051 3400 mihi
1074 3359 1166 3421 quam

228 3473 261 3520 22
281 3468 425 3538 Quidquid
438 3425 578 3539 Nassa,
598 3473 684 3527 ΚΠ.
759 3479 793 3528 28
813 3474 905 3544 operis
923 3492 974 3531 scr.
993 3493 1061 3530 mue.
1080 3477 1162 3533 Bion.
1223 3463 1224 3488 ¹

158 3541 237 3592 raes.
249 3541 310 3604 156,
331 3540 415 3604 nir,
434 3541 522 3614 [plus]
542 3543 611 3597 nr.
