2482 3942
381 145 638 200 EPISTULARUM
656 145 720 200 Vm
740 151 780 199 14.
1023 145 1088 210 209

142 307 250 392 Atque
278 310 356 373 adeo
384 310 535 394 permitte
562 309 643 373 mihi
671 310 718 373 sic
745 310 830 393 apud
859 313 891 374 te
923 313 1088 393 tamquam
1110 327 1142 376 11

72 399 131 482 ibi,
159 399 206 463 sic
232 402 361 482 peracta
387 420 422 463 re
450 403 615 482 tamquam
642 397 747 464 adhuc
774 399 899 485 integra
930 400 1088 462 rationem

72 487 187 552 iudicii
209 488 273 551 mei
291 487 430 571 reddere,
454 509 598 571 quaeque
625 490 703 552 tunc
730 488 867 572 carptim
894 488 1005 552 multis
1034 487 1088 552 ob·

73 576 293 660 strepentibus
317 577 393 659 dixi,
415 597 502 641 nunc
523 598 581 660 per
603 577 706 640 otium
730 577 870 663 iungere.
912 575 1088 662 Fingamus
1110 594 1141 642 1⁷

46 670 141 733 atres
166 666 297 729 omnino
321 665 442 730 indices
460 665 495 729 in
513 666 596 729 hauc
615 686 744 729 causam
763 666 854 730 datos
876 687 955 750 esse,
972 666 1089 729 horum

73 755 133 818 uni
156 755 314 838 placuisse
336 755 440 838 perire
463 755 606 837 libertos,
629 755 722 818 alteri
743 755 893 840 relegari,
917 755 1012 820 tertio
1036 754 1089 818 ab·

74 843 173 926 solvi,
196 847 347 908 utrumne
366 843 542 908 sententiae
561 843 642 907 duae
665 844 790 909 collatis
809 845 932 908 viribus
955 843 1089 908 novissi-

73 955 164 996 mam
186 933 354 1016 periment,
377 954 419 996 an
441 933 613 1016 separatim
636 955 700 996 una
728 954 873 1016 quaeque
900 933 1089 997 tantundem

73 1023 234 1104 quantum
253 1022 353 1086 altera
371 1021 499 1104 valebit,
517 1041 576 1086 nec
595 1022 698 1108 magis
716 1022 836 1105 poterit
859 1043 932 1086 cum
952 1022 1090 1086 secunda

31 1139 60 1180 ro
73 1111 181 1195 prima
209 1111 334 1175 conecti
361 1132 458 1194 quam
486 1110 624 1174 secunda
656 1132 729 1174 cum
757 1111 874 1174 tertia?
919 1109 1024 1196 Igitur
1056 1111 1090 1173 in
1109 1127 1142 1176 18

73 1202 190 1264 senatu
217 1220 345 1283 quoque
372 1200 533 1263 numerari
560 1204 726 1282 tamquam
754 1198 931 1264 contrariae
964 1199 1090 1282 debent,

74 1310 159 1372 quae
182 1291 347 1372 tamquam
370 1287 513 1354 diversae
541 1288 698 1352 dicuntur.
744 1287 865 1365 Quodsi
887 1310 971 1353 uuus
994 1292 1090 1371 atque

73 1377 162 1441 idem
195 1381 227 1441 11
258 1377 436 1461 perdendos
467 1382 611 1442 censeret
643 1381 675 1441 et
706 1377 909 1464 relegandos,
940 1375 1018 1441 num
1051 1399 1090 1440 ex

74 1467 235 1530 sententia
258 1467 353 1530 unius
376 1471 409 1530 et
430 1467 534 1550 perire
556 1469 689 1550 possent
707 1469 740 1530 et
757 1465 915 1552 relegari?
937 1488 1015 1529 num
1039 1466 1090 1529 de·

33 1584 60 1624 rs
74 1555 175 1638 nique
202 1556 333 1619 omnino
361 1577 425 1622 una
453 1555 612 1620 sententia
638 1558 814 1639 putaretur,
841 1577 923 1639 quae
950 1558 1017 1619 tam
1046 1555 1091 1618 di-

75 1665 169 1708 versa
193 1644 422 1730 coniungeret?
458 1643 561 1720 Quem
580 1643 771 1708 admodum
790 1645 899 1730 igitur,
918 1645 1091 1709 1111111111
1110 1661 1143 1710 19

74 1733 267 1817 puniendos,
295 1734 375 1797 alter
403 1737 530 1797 censeat
553 1733 750 1819 relegandos,
773 1733 875 1797 videri
897 1736 1005 1817 potest
1027 1755 1091 1796 una

75 1823 246 1905 sententie,
274 1823 349 1906 quia
377 1821 494 1886 dicitur
521 1844 540 1885 a
567 1821 702 1905 duobus,
730 1843 811 1905 quae
838 1844 904 1886 non
930 1822 1092 1886 videretur

74 1933 151 1994 una,
174 1912 203 1975 si
224 1912 264 1975 ab
289 1933 352 1975 uno
373 1911 551 1976 diceretur?
588 1910 693 1988 Quid?
715 1911 769 1975 lex
787 1933 853 1975 non
871 1914 979 1995 aperte
998 1912 1092 1976 docet

34 2029 61 2068 so
76 1999 186 2064 dirimi
210 2000 324 2064 debere
350 2001 523 2064 sententias
552 2001 726 2064 occidentis
754 2003 786 2064 et
812 2001 995 2086 relegentis,
1018 2022 1090 2065 cum

75 2091 124 2153 ita
148 2088 373 2154 discessionem
392 2089 462 2152 fieri
480 2089 583 2153 iubet:
611 2087 686 2164 ‘Qui
703 2089 783 2153 haec
801 2090 938 2172 sentitis,
956 2090 991 2152 in
1008 2089 1092 2153 hanc

74 2181 213 2262 partem,
237 2179 294 2262 qui
315 2178 379 2242 alia
402 2179 520 2260 omnia,
542 2178 577 2241 in
599 2178 688 2242 illam
712 2179 835 2262 partem
859 2178 913 2261 ite,
936 2198 999 2260 qua
1023 2199 1091 2242 sen-

75 2266 182 2331 titis'?
218 2265 377 2332 Examina
401 2267 527 2352 singule
549 2267 647 2331 verba
674 2270 707 2330 11
734 2266 890 2350 expende:
918 2266 986 2349 ‘qui
1013 2265 1092 2331 haec

76 2355 228 2439 sentitis',
251 2355 313 2420 hoc
336 2360 385 2420 est
407 2357 464 2439 qui
486 2356 674 2442 relegandos
692 2357 824 2438 putatis,
848 2355 893 2418 ‘in
915 2356 999 2419 hanc
1021 2377 1091 2439 par-

33 2474 60 2514 as
75 2444 167 2527 tem’,
195 2445 228 2508 id
255 2449 303 2509 est
330 2445 365 2508 in
391 2467 471 2528 eam,
498 2445 533 2508 11
561 2467 624 2529 qua
651 2444 750 2527 sedet,
777 2445 833 2528 qui
861 2445 985 2509 censuit
1014 2445 1091 2508 rele-

76 2533 211 2620 gandos,
256 2533 307 2597 Ex
331 2555 395 2617 quo
418 2533 625 2598 manifestum
649 2536 697 2597 est
719 2554 785 2596 non
807 2555 901 2618 posse
924 2534 959 2597 in
981 2534 1091 2597 eadem
1110 2548 1144 2598 20

74 2627 169 2707 parte
206 2644 368 2687 remanere
405 2644 473 2704 eos,
515 2623 570 2707 qui
612 2622 848 2686 interficiendos
887 2621 1091 2686 arbitrantur.

76 2711 155 2788 ‘Qui
177 2712 241 2775 alia
263 2711 392 2775 omnia'.
437 2709 685 2794 Animadvertis,
711 2715 749 2775 ut
775 2733 842 2775 non
865 2715 1015 2776 contenta
1039 2712 1092 2775 lex

76 2802 183 2866 dicere
208 2800 294 2865 ‘alia’
317 2800 474 2864 addiderit
498 2800 637 2864 ‘omnia'.
678 2799 767 2864 Num
791 2822 866 2886 ergo
891 2800 1024 2864 dubium
1043 2802 1092 2864 est

34 2919 61 2958 ao
76 2891 143 2954 alia
171 2889 279 2954 omnia
307 2891 424 2954 sentire
453 2911 516 2974 eos,
544 2889 599 2973 qui
628 2889 788 2973 occidunt,
811 2911 908 2972 quam
932 2889 988 2972 qui
1014 2890 1091 2952 rele-

77 2979 179 3066 gant?
217 2976 267 3042 ‘In
290 2979 378 3043 111111
401 2982 526 3062 partem
550 2979 603 3062 ite,
627 3000 690 3062 qua
713 2977 860 3042 sentitis'.
906 2977 1023 3042 Nonne
1046 2976 1091 3041 vi-

76 3070 173 3132 detur
209 3067 279 3151 ipsa
314 3068 367 3132 lex
403 3089 467 3151 eos,
504 3069 559 3150 qui
596 3067 798 3150 dissentiunt,
833 3067 868 3130 in
900 3067 1091 3154 contrariam

76 3160 204 3242 partem
231 3177 355 3239 vocare,
382 3177 505 3242 cogere,
532 3156 717 3241 impellere?
749 3177 815 3219 non
842 3157 954 3220 consul
986 3157 1092 3238 etiam,

76 3247 137 3310 ubi
160 3247 296 3329 quisque
318 3267 491 3329 remanere,
510 3266 573 3328 quo
597 3244 776 3330 transgredi
794 3244 917 3326 debeat,
939 3266 1006 3308 non
1023 3248 1092 3308 111-

36 3362 63 3402 as
77 3341 151 3400 tum
166 3335 375 3399 sollemnibus
390 3335 506 3418 verbis,
520 3335 575 3399 sed
589 3356 687 3397 manu
703 3336 859 3419 gestuque
873 3333 1091 3398 demonstrat?

77 3423 124 3489 At
148 3424 235 3488 enim
252 3424 399 3488 futurum
419 3427 531 3507 estut,
550 3424 578 3488 si
597 3423 973 3504 dividanturflsententiae
997 3423 1091 3486 inter-
1109 3437 1143 3486 11

77 3514 218 3579 ficientis
251 3515 283 3577 11
314 3513 495 3598 relegentis,
527 3513 708 3596 praevaleat
739 3511 804 3595 illa,
832 3533 913 3595 quae
944 3511 1090 3575 absolvit.

133 3629 205 3670 Punn
218 3627 365 3668 Errsrcnau.
900 3620 933 3667 14
