2468 3938
261 109 289 136 ·’
351 137 609 194 nprsrumeun
626 139 666 193 111
686 144 797 194 18-20.
1037 142 1078 206 81

65 307 133 367 tate
156 305 194 365 ut
216 301 337 365 reditus
361 323 511 388 agrorum
535 304 581 367 sic
604 303 701 367 etiam
719 304 859 386 pretium
882 307 967 368 retro
991 305 1080 369 abiit.

65 391 208 474 Quaeris,
231 412 273 453 an
290 389 353 454 hoo
371 392 477 474 ipsum
496 392 604 456 tricies
626 392 721 456 facile
740 392 890 478 colligere
909 395 1079 476 possimus.
1099 410 1115 458 8

66 479 144 544 Sum
174 479 304 562 quidem
330 501 430 563 prope
457 484 545 545 totus
575 482 610 544 in
637 481 789 565 praediis,
821 482 943 564 aliquid
971 486 1080 547 tamen

64 570 185 652 fenero,
207 589 267 632 neo
289 570 462 633 molestum
486 571 547 633 erit
569 571 723 654 mutuari3
751 570 907 653 accipiam
934 594 953 634 a
976 592 1080 655 socru,

41 659 156 723 scuius
175 658 248 721 are'a
266 679 332 721 non
350 679 440 722 secus
458 679 496 722 ac
514 680 585 722 mea
602 663 685 722 utor.
722 657 860 724 Proinde
878 659 941 723 hoc
963 663 995 724 te
1014 683 1080 725 non
1099 677 1114 724 9

65 749 209 829 moveat,
237 747 264 810 si
287 749 391 810 cetera
417 768 484 810 non
506 749 720 833 refragantur,
749 769 830 830 quae
857 749 954 813 velim
983 771 1079 832 quam

65 835 312 922 diligentissime
335 836 505 900 examines.
542 835 627 900 Nam
651 858 724 900 oum
751 836 787 899 in
811 838 960 902 omnibus
983 838 1079 903 rebus

65 929 134 989 tum
159 925 194 988 in
217 923 422 1006 disponendis
444 925 654 990 facultatibus
672 926 848 1009 plurimum
867 927 928 990 tibi
952 931 984 991 et
1001 949 1078 992 usus

65 1019 96 1078 et
117 1013 341 1098 providentiae
365 1018 516 1096 superest.
563 1013 652 1079 Vale.

28 1199 52 1238 ιο
308 1225 310 1230 ,
541 1177 603 1236 XX.

255 1277 283 1324 C.
306 1277 444 1326 PLINIUS
468 1278 594 1326 MESSIO
618 1279 756 1326 MAXIMO
780 1279 846 1327 SUO
871 1278 896 1326 S.

129 1366 349 1432 Meministine
372 1372 405 1445 te
428 1389 521 1452 saepe
543 1368 670 1454 legisse,
693 1372 829 1452 quantas
855 1369 1077 1434 contentiones
1098 1388 1111 1435 1

64 1456 213 1521 excitarit
243 1457 296 1520 lex
328 1457 512 1540 tabellaria,
549 1461 768 1541 quantumque
804 1459 867 1542 ipsi
899 1459 995 1522 latori
1026 1461 1078 1524 vel

64 1545 186 1632 gloriae
205 1547 256 1609 vel
274 1546 529 1629 reprehensionis
547 1546 714 1611 attulerit?
745 1545 791 1611 At
808 1568 894 1612 nunc
911 1549 947 1612 in
965 1551 1077 1612 senatu
1096 1566 1112 1612 2

3 1661 49 1730 ι11
63 1637 134 1699 sine
163 1635 230 1698 ulla
259 1634 456 1700 dissensione
485 1633 547 1700 hoo
576 1635 661 1700 idem
690 1640 728 1700 ut
757 1637 916 1720 optimum
939 1638 1078 1720 placuit3

63 1745 177 1788 omnes
205 1723 409 1788 comitiorum
432 1725 483 1789 die
506 1725 640 1788 tabellas
663 1726 915 1809 postulaverunt.
960 1725 1112 1791 lirosa-3

62 1834 208 1877 seramus
237 1834 312 1877 sane
338 1813 518 1878 manifestis
547 1813 612 1877 illis
641 1814 824 1898 apertisque
851 1814 1012 1900 suffragiis
1040 1816 1077 1879 11-

62 1902 203 1967 centiam
222 1903 416 1966 contionum.
448 1901 524 1967 Non
542 1901 669 1986 temp'us
687 1903 849 1987 loquendi,
866 1925 933 1967 non
950 1904 1077 1968 tacendi

3 1999 4 2007 ’
62 1991 235 2074 modestia,
258 2013 324 2055 non
346 1991 483 2074 denique
506 1991 636 2056 sedendi
663 1992 803 2078 dignitas
827 1992 1076 2057 custodiebatur.

25 2106 48 2144 11
61 2079 176 2166 Magni
189 2080 330 2162 undique
344 2080 529 2164 dissonique
543 2082 707 2163 clamores,
720 2081 951 2164 procurrebant
965 2103 1077 2146 omnes
1095 2099 1112 2146 4

61 2191 138 2234 cum
163 2169 228 2232 suis
252 2169 437 2252 candidatis,
460 2171 562 2234 multa
584 2170 714 2256 agmina
736 2171 771 2232 in
788 2170 894 2234 medio
918 2171 1076 2254 multique

62 2258 177 2323 cuculi
200 2260 233 2321 et
250 2258 400 2322 indecora
427 2259 587 2344 confusi03
615 2259 693 2323 adeo
713 2259 946 2324 desciveramus
966 2281 985 2323 a
1004 2281 1076 2324 con-

61 2346 232 2412 suetudine
254 2351 438 2431 parentum,
468 2348 553 2430 apud
576 2368 657 2430 quos
681 2348 788 2411 omnia
812 2348 983 2431 disposita,
1009 2369 1077 2411 mo-

62 2436 187 2518 derata,
210 2436 383 2518 tranquilla
405 2437 605 2501 maiestatem
635 2436 698 2500 loci
720 2437 939 2519 pudoremque
962 2437 1075 2500 retine-

24 2550 47 2588 11
61 2525 152 2588 bant.
198 2522 375 2607 Supersunt
398 2546 502 2607 senes,
531 2547 570 2589 ex
593 2525 710 2608 quibus
740 2525 848 2589 audire
879 2527 966 2590 soleo
990 2524 1110 2589 hunct

61 2613 208 2677 ordinem
228 2613 444 2678 comitiorum:
468 2614 565 2678 citato
585 2615 714 2677 nomine
733 2614 893 2678 candidati
912 2614 1075 2678 silentium

61 2724 242 2785 summum3
256 2702 391 2766 dicebat
413 2703 483 2786 ipse
505 2724 563 2787 pro
588 2725 631 2788 se,
654 2703 834 2786 explicabat
852 2704 952 2767 vitam
976 2724 1075 2785 suam,

60 2794 162 2855 testes
185 2795 217 2855 et
240 2791 420 2855 laudatores
444 2792 541 2855 dabat
563 2793 614 2856 vel
638 2814 720 2876 eum,
748 2792 807 2856 sub
832 2812 895 2874 quo
919 2792 1075 2855 militave-

60 2888 127 2962 rat,
155 2881 206 2943 vel
234 2901 320 2962 eum,
348 2881 400 2944 cui
428 2884 578 2963 quaestor
604 2879 722 2964 fuerat,
752 2882 804 2945 vel
830 2884 1015 2963 utrumque,
1047 2881 1075 2944 si

5 2995 47 3042 ‚a
60 2971 199 3052 poterat,
223 2968 358 3033 addebat
382 2969 537 3052 quosdam
560 2992 599 3034 ex
623 2969 901 3055 suffragatoribus,
929 2970 977 3033 illi
1005 2990 1074 3055 gra-

5 3053 7 3082 '
61 3059 150 3120 viter
175 3062 207 3121 et
233 3059 344 3141 paucis
371 3059 594 3141 loquebantur.
635 3057 728 3130 Plus.
744 3057 806 3122 hoo
839 3079 935 3140 quam
964 3076 1108 3142 precesc

60 3146 220 3230 proderat.
257 3145 334 3211 Non
356 3170 532 3231 numquam
555 3148 741 3212 candidatus
765 3150 821 3211 aut
843 3148 966 3211 natales
989 3169 1073 3211 com-

60 3236 210 3318 petitoris
234 3239 290 3299 aut
313 3258 414 3301 annos
438 3237 614 3301 autetiam
632 3258 737 3301 moret
757 3236 920 3322 arguebat.
955 3234 1073 3299 Audie-

61 3325 119 3389 bat
143 3328 272 3388 uenatus
291 3325 447 3411 gravitate
466 3327 616 3390 censoria.
653 3323 703 3389 Ita
722 3326 848 3408 saepius
867 3325 958 3410 digni
976 3347 1072 3408 quam

26 3439 45 3478 11
60 3413 198 3499 gratiosi
216 3415 450 3496 praevalebant.
487 3413 575 3490 Quae
593 3435 679 3477 nuno
697 3413 858 3477 inmodico
878 3413 987 3478 favore
1006 3433 1072 3476 cor·
1092 3429 1107 3478 7

6 3505 8 3590 q
60 3503 159 3586 rupta
181 3503 223 3566 ad
245 3504 344 3567 tacita
366 3503 517 3590 suffragia
540 3503 631 3586 quasi
659 3503 699 3566 ad
725 3502 901 3566 remedium
925 3503 1072 3566 decucur-

114 3617 187 3658 Pnnrr
201 3617 346 3657 Enetum.
898 3611 913 3659 6
