2482 3942
147 162 213 228 226
583 162 612 217 C.
630 162 729 216 PLINI
818 167 820 174 ’

114 343 129 390 5
149 349 195 410 ea,
218 348 300 409 quae
319 330 497 410 supersunt.
535 324 598 391 Sed
622 327 701 409 quid
717 348 777 413 ego
796 327 955 391 rationem
973 327 1056 392 tibi?
1080 326 1170 410 apud

150 438 245 499 quem
268 437 327 499 pro
351 417 476 480 ratione
499 416 560 480 erit
582 416 668 480 idern
689 416 802 481 facere.
847 415 939 496 Vale,
1127 423 1128 426 ’

614 581 698 639 VIII.

389 681 786 730 1111111111111111111110
811 681 876 730 suo
902 681 928 730 s.

75 844 83 858 ⁸
114 788 130 838 1
217 770 251 835 Si
273 771 421 836 laudatus
444 794 464 835 a
485 775 518 836 11
540 771 670 836 laudare
689 775 721 836 te
740 793 885 856 coepero,
902 792 1021 855 vereor,
1040 793 1081 835 nc
1100 793 1168 836 non
1195 795 1209 836 s

149 864 217 924 tarn
247 860 391 944 proferre
422 861 576 925 iudicium
608 883 716 924 meum
749 882 846 944 quam
877 861 995 925 referre
1027 860 1167 946 gratiam

149 949 266 1013 videar.
313 948 390 1033 Sed,
415 950 492 1014 licet
514 949 637 1033 videar,
667 951 776 1014 omnia
798 951 918 1033 scripta
939 954 995 1014 tna
1016 948 1167 1034 pulcher-

149 1039 231 1102 rima
244 1039 404 1121 existimo,
418 1039 556 1103 maxime
570 1043 680 1103 tamen
693 1040 758 1123 illa,
768 1061 850 1122 quae
859 1039 899 1103 de
908 1039 1011 1104 nobis.
1036 1036 1168 1102 Accidit

149 1127 211 1192 hoc
233 1151 298 1192 una
321 1127 494 1211 eademque
514 1128 552 1192 de
571 1148 674 1192 causa.
705 1127 790 1193 Nam
810 1131 842 1192 et
860 1131 907 1212 tu,
929 1149 1010 1211 quae
1029 1126 1069 1190 de
1088 1127 1167 1190 ami-

150 1217 205 1300 cis,
224 1218 345 1301 optime
364 1217 487 1302 scribis,
506 1221 538 1281 et
556 1238 626 1303 ego,
645 1239 727 1300 quae
747 1217 786 1280 de
803 1239 864 1301 me,
882 1221 920 1281 ut
939 1217 1062 1300 optima
1080 1217 1164 1301 lego.
1180 1239 1208 1280 ro

101 1341 102 1344 ¹
149 1305 238 1370 Vale.

356 1435 358 1439 ’
632 1417 683 1475 IX.

409 1517 437 1564 G.
459 1517 599 1565 PLINIUS
624 1517 764 1566 OOLONO
789 1517 856 1570 SUO
880 1517 906 1564 S.

116 1624 129 1671 1
217 1606 320 1672 Unice
346 1608 463 1691 probo,
495 1607 582 1690 quod
603 1606 738 1691 Pompei
766 1606 932 1683 Quintiani
963 1610 1067 1670 morte
1096 1611 1165 1670 tom
1233 1647 1234 1704 q

151 1696 295 1760 dolenter
317 1697 472 1780 adficeris,
494 1700 531 1760 ut
553 1693 663 1761 amissi
687 1697 852 1760 caritatem
876 1696 1032 1760 desiderio
1056 1699 1207 1760 exten-1⁵

151 1786 221 1868 das,
248 1807 314 1849 non
335 1788 373 1849 ut
395 1787 553 1869 plerique,
581 1786 636 1868 qui
659 1789 785 1850 tantum
807 1787 952 1850 viventes
974 1788 1086 1850 emant
1108 1806 1165 1849 seu

150 1875 258 1958 potius
282 1896 388 1938 amare
411 1896 445 1938 se
468 1874 622 1938 simulant
645 1895 682 1939 ac
703 1897 744 1938 ne
768 1875 921 1939 simulant
939 1873 1079 1957 quidem,
1100 1874 1165 1937 nisi
1233 1865 1234 1910 l

151 1984 232 2046 quos
259 1963 409 2028 florentes
439 1963 556 2027 vidant.
601 1961 688 2027 Nam
710 1964 901 2028 miserorum
923 1984 990 2027 non
1012 1984 1103 2027 secus
1126 1984 1165 2026 ac

152 2052 374 2125 defunctorum
394 2052 636 2117 obliviscuntur.
666 2049 729 2116 Sed
746 2052 808 2116 tibi
829 2053 979 2136 perennis
996 2050 1077 2116 fides
1094 2055 1164 2115 tan-
1233 2053 1234 2144 1

151 2145 248 2225 taque
279 2141 314 2204 in
345 2162 453 2205 amore
486 2142 678 2224 constantia,
710 2145 747 2205 ut
773 2140 859 2204 finiri
886 2141 949 2205 nisi
976 2145 1032 2205 tua
1059 2144 1165 2204 morte
1179 2165 1234 2224 sot

115 2244 217 2304 anon
238 2231 349 2313 possit.
394 2229 439 2294 Et
461 2229 591 2294 hercule
618 2231 645 2294 is
672 2230 736 2294 fuit
760 2228 965 2313 Quintianus,
995 2251 1091 2312 quem
1120 2229 1165 2292 di·
1233 2227 1234 2246 l

150 2319 210 2404 ligi
238 2319 348 2383 deceat
375 2318 475 2402 ipsius
506 2321 662 2402 exemplo,
706 2317 829 2384 Felices
857 2319 998 2402 amabat,
1029 2319 1164 2382 miseros

151 2408 311 2491 tuebatur,
334 2407 534 2472 desiderabat
557 2409 702 2476 amissos„
744 2405 813 2472 Iam
837 2407 893 2472 illa
916 2410 1036 2491 quanta
1057 2407 1164 2490 probi-

151 2502 200 2572 tas
223 2498 258 2560 in
281 2518 349 2580 oro,
382 2500 501 2579 quanta
528 2497 563 2560 in
590 2519 735 2561 sermone
764 2497 939 2580 cunctatio,
971 2519 1067 2580 quam
1094 2497 1165 2579 pari

150 2586 234 2650 libra
260 2586 400 2671 gravitas
428 2585 637 2668 comitasque!
684 2586 770 2669 quod
798 2586 940 2650 studium
970 2587 1161 2668 litterarum,
1178 2610 1207 2650 2⁵
1233 2605 1234 2652 1

157 2675 243 2758 quod
275 2675 443 2739 iudicium!
480 2697 544 2758 qua
575 2675 695 2758 pietate
728 2696 801 2739 cum
834 2675 1049 2740 dissimillimo
1073 2678 1164 2757 patre
1233 2697 1234 2712 ¹

151 2764 293 2828 vivebat!
327 2785 423 2846 quam
446 2785 513 2829 non
536 2764 685 2829 obstabat
707 2764 770 2848 illi,
793 2785 856 2846 quo
881 2763 987 2828 minus
1010 2763 1059 2827 vir
1083 2764 1164 2846 opti-

152 2876 225 2924 mus
248 2853 418 2937 videretur,
442 2854 615 2937 quoderat
638 2853 779 2937 optimus
797 2853 897 2918 filius!
922 2850 985 2915 Sed
1008 2851 1087 2935 quid
1110 2851 1163 2915 do·
1233 2913 1234 2920 ,

116 2944 252 3006 olorem
275 2945 368 3006 tuum
391 2942 561 3006 exulccro‘?
586 2940 786 3024 Quamquam
810 2942 856 3006 sic
874 2941 988 3006 amasti
1005 2941 1163 3023 iuvenem,

151 3036 188 3096 ut
210 3030 273 3095 hoc
295 3031 403 3115 potius
427 3053 523 3114 quam
546 3032 585 3095 do
607 3031 663 3094 1111
688 3031 774 3095 sileri
797 3031 885 3113 velis,
908 3053 927 3094 a
949 3052 1000 3094 me
1023 3052 1163 3112 praescr·
1177 3056 1205 3096 so

151 3121 225 3204 tim,
249 3119 338 3186 cuius
360 3120 597 3204 praedicatione
623 3124 717 3204 putas
739 3121 839 3184 vitam
863 3120 931 3184 eius
962 3119 1078 3202 ornari,
1101 3141 1162 3183 me
1233 3123 1234 3134 ¹

153 3209 288 3272 moriam
319 3209 498 3294 prorogari,
530 3210 696 3292 ipsamque
727 3209 831 3292 illam,
868 3231 931 3292 qua
962 3212 1012 3274 est
1043 3212 1161 3291 raptus,

154 3298 290 3359 aetatem
311 3318 405 3380 posse
428 3298 563 3362 restitui.
608 3297 697 3362 Vale.

212 3489 240 3537 *8
264 3500 336 3552 quae
357 3487 454 3542 01111111.
473 3506 504 3555 a,
523 3489 598 3558 quod
613 3506 670 3558 ps,
689 3505 738 3543 om.
760 3490 857 3556 MDr,
873 3489 911 3543 K.
997 3495 1031 3543 23
1055 3489 1099 3543 illi
1116 3507 1163 3550 νς.
