2482 3942
160 199 224 264 164
591 195 618 252 0·
638 196 736 252 PLINI

156 367 187 426 et
219 361 327 425 mariti
355 361 544 446 dignitatem
577 361 771 425 centurionis
804 382 911 424 amore
943 361 1170 425 maculaverat.

123 470 138 518 5
157 449 292 514 Meritus
311 451 418 534 legato
438 449 606 530 consulari,
626 449 680 513 ille
700 447 826 518 Caesari
845 449 1022 534 scripserat.
1051 447 1171 513 Caesar

158 541 298 604 excussis
320 538 564 622 probationibus
588 540 805 604 centurionem
829 539 1047 604 exauctoravit
1070 541 1170 622 atque

157 629 252 693 etiam
275 628 437 713 relegavit.
484 623 654 711 Supererat
677 627 812 712 crimini,
835 627 1008 714 quodnisi
1030 627 1170 692 duorum

157 739 224 782 esse
247 739 313 781 non
335 720 473 799 poterat,
500 717 623 799 reliqua
652 738 725 800 pars
754 717 901 800 ultionis,
933 717 987 780 sed
1014 717 1168 780 maritum
1201 744 1213 782 ι

157 829 223 870 non
245 805 313 870 sine
335 803 443 891 aliqua
466 805 710 888 reprehensione
737 805 910 888 patientiae
937 827 1027 870 amor
1056 806 1169 868 uxoris

156 892 346 978 retardabat,
360 915 455 981 quam
470 893 599 977 quidem
613 895 709 958 etiam
728 897 802 978 post
820 893 961 960 delatum
975 894 1170 958 adulterium

158 984 244 1048 domi
275 983 431 1048 habuerat
463 984 554 1066 quasi
586 985 755 1048 contentus
787 984 949 1047 aemulum
985 983 1169 1048 removisse.

126 1090 142 1139 ι
160 1071 363 1156 Admonitus,
385 1076 421 1136 ut
439 1077 604 1158 perageret
624 1073 869 1154 accusationem,
891 1073 1014 1157 peregit
1037 1072 1170 1136 invitus.

161 1161 224 1226 Sed
255 1162 344 1224 illam
377 1160 521 1224 damnari
557 1161 653 1226 etiam
685 1161 787 1226 invito
824 1165 1006 1226 accusatore
1038 1180 1214 1228 necesses

160 1255 240 1334 erat,
264 1250 412 1314 damnata
435 1254 467 1314 et
485 1247 585 1314 Iuliae
607 1250 689 1334 legis
707 1250 819 1333 poenis
837 1251 949 1315 relicta
967 1253 1023 1313 est.
1052 1246 1173 1314 Caesar

160 1344 191 1404 et
214 1362 333 1405 nomen
355 1339 549 1404 centurionis
574 1343 605 1402 et
624 1339 960 1404 commemorationem
980 1338 1172 1422 disciplinae

159 1429 306 1495 militaris
331 1428 505 1492 sententiae
528 1427 652 1510 adiecit,
675 1450 715 1492 ne
738 1429 841 1492 omnis
861 1429 928 1492 eius
950 1427 1037 1492 modi
1056 1448 1172 1494 causas

160 1539 308 1582 revocare
331 1517 371 1580 ad
394 1538 427 1580 se
450 1516 618 1581 videretur.

127 1623 141 1670 ι
226 1604 334 1669 Tertio
358 1605 409 1668 die
431 1605 561 1670 inducta
587 1606 729 1690 cognitio
753 1609 801 1669 est
828 1605 938 1670 multis
966 1605 1172 1670 sermonibus
1190 1633 1215 1672 ιι

160 1696 193 1758 et
215 1695 303 1758 vario
326 1715 453 1760 rumore
476 1695 602 1777 iactata,
624 1691 688 1758 Iuli
705 1692 832 1758 Tironis
856 1693 1005 1776 codicilli,
1028 1714 1110 1776 quos
1129 1715 1174 1758 ex

161 1786 250 1867 parte
273 1802 364 1846 veros
387 1804 455 1846 esse
481 1783 661 1866 constabat,
688 1805 728 1846 ex
754 1787 845 1867 parte
870 1782 945 1847 falsi
971 1782 1173 1848 dicebantur.

126 1869 445 1936 eSubstituebantur
481 1873 606 1937 crimini
641 1869 849 1955 Sempronius
886 1869 1035 1954 Senecio,
1071 1892 1173 1953 eques
1234 1919 1235 1961 ,

161 1959 335 2043 Romanus,
357 1964 389 2024 et
407 1960 616 2044 Eurythmus,
640 1957 785 2026 Caesaris
808 1960 941 2025 libertus
965 1964 996 2024 et
1018 1981 1174 2043 procura-

161 2053 220 2113 tor.
261 2047 411 2132 Heredes,
434 2071 506 2114 cum
530 2048 645 2113 Caesar
667 2052 751 2114 esset
772 2049 807 2116 in
824 2048 933 2131 Dacia,
956 2049 1176 2114 communitor
1190 2059 1234 2117 so*

163 2139 300 2221 epistula
326 2139 447 2221 scripta
473 2140 646 2221 petierant,
672 2143 710 2203 ut
737 2139 912 2223 susciperet
941 2137 1174 2224 cognitionem.
1232 2143 1233 2186 l

129 2225 359 2310 aSusceperat.
405 2226 563 2292 Reversus
586 2228 670 2292 diem
694 2228 822 2291 dederat
845 2231 885 2309 et,
913 2248 986 2293 cum
1014 2249 1053 2290 ex
1079 2225 1175 2291 hera
1231 2223 1232 2299 l

163 2315 256 2379 dibus
286 2315 416 2398 quidam
448 2317 540 2398 quasi
572 2317 747 2380 reverentia
777 2315 953 2399 Eurythmi
984 2316 1176 2382 omitterent
1230 2349 1231 2414 y

163 2404 406 2488 accusationem,
423 2403 637 2487 pulcherrime
656 2405 790 2470 dixerat:
814 2404 899 2470 ‘Nec
917 2405 972 2470 ille
990 2401 1175 2487 Polyclitus
1228 2433 1230 2526 y

163 2498 292 2558 estnec
315 2514 373 2578 ego
396 2491 504 2557 Nero?
549 2492 728 2558 Indulserat
752 2498 861 2558 tamen
882 2493 1064 2577 petentibus
1092 2492 1174 2558 dila-
1191 2521 1215 2562 ιι

163 2583 292 2665 tionem,
326 2583 415 2647 euius
448 2587 593 2666 tempore
625 2587 736 2647 exacto
774 2583 958 2648 consederat
994 2582 1175 2648 auditurus.
1228 2547 1229 2639 l

112 2669 193 2736 roA
215 2674 306 2755 parte
328 2670 480 2735 heredum
503 2672 703 2736 intraverunt
726 2671 788 2735 duo
813 2672 959 2753 omnin03
988 2672 1176 2755 postulare
1227 2669 1228 2751 l

162 2763 246 2842 runt,
277 2763 314 2824 ut
346 2766 401 2825 oct
432 2782 541 2824 omnes
572 2759 703 2824 heredes
736 2782 829 2845 agere
861 2763 1063 2846 cogerentur,
1096 2782 1176 2825 cum
1226 2807 1227 2863 ,

165 2849 352 2914 detulissent
376 2871 494 2933 omnes,
517 2853 573 2914 aut
596 2849 658 2913 sibi
682 2870 809 2933 quoque
831 2850 981 2914 desistere
1006 2849 1175 2932 permitte
1224 2885 1226 2978 ,

113 2953 144 3003 11
163 2942 259 3001 retur.
304 2937 444 3002 Locutus
477 2942 525 3002 est
558 2935 672 3002 Caesar
704 2960 827 3002 summa
857 2938 1023 3024 gravitate,
1046 2959 1177 3004 summa
1192 2967 1217 3006 so

164 3026 390 3110 moderatione,
404 3048 540 3110 cumque
558 3027 729 3092 advocatus
745 3025 927 3092 Senecionis
947 3030 978 3090 et
995 3024 1176 3109 Eurythmi

166 3115 297 3181 dixisset
329 3117 564 3200 suspicionibus
595 3117 735 3199 relinqui
765 3137 851 3198 reos,
882 3115 945 3180 nisi
975 3115 1177 3200 audirentur,

167 3202 254 3267 ‘Non
276 3205 364 3268 curo’
388 3206 500 3288 inquit,
525 3205 578 3268 ‘an
599 3207 654 3269 isti
677 3204 912 3288 suspicionibus
938 3204 1177 3288 relinquantur,

238 3366 272 3412 22
292 3361 366 3414 diem
380 3363 489 3416 dixerat
503 3363 611 3430 Dyrra,
628 3362 688 3416 Otto
698 3366 757 3416 303.
830 3367 863 3415 27
883 3362 938 3414 duo
952 3360 1076 3414 omnino:
1097 3367 1175 3430 post.
1219 3393 1220 3398 κ

169 3433 254 3497 KH,
273 3431 340 3497 duo;
360 3449 430 3487 omn.
450 3435 521 3500 post.
541 3433 608 3487 K.I.
690 3437 723 3486 28
744 3434 776 3485 ut
795 3436 844 3486 ant
861 3449 920 3499 scr,
938 3435 971 3488 ut
988 3433 1101 3499 Dpas,
1120 3450 1176 3488 ora.

167 3503 216 3625 lg,
222 3503 380 3637 §.dfitaiptl
383 3504 474 3628 11511.
516 3505 593 3558 Fert.
612 3506 693 3559 etiam
707 3508 835 3573 p.165.4
853 3505 892 3558 sic
913 3504 1032 3568 sacac,
1053 3504 1104 3560 abi
1122 3509 1176 3560 aut
