2458 3940
330 125 583 190 PANEGYRIOUS
603 136 796 186 111-111.
1002 131 1060 195 321

54 296 111 378 qui
135 297 313 358 crescerent
336 295 406 377 tibi,
429 295 652 377 alimentisque
675 295 740 358 tuis
764 294 804 358 ad
828 293 986 378 stipendia
1010 299 1068 358 tua

53 384 268 466 pervenirent,
294 387 484 466 tantumque
513 404 623 448 omnes
651 384 707 446 uni
734 382 804 467 tibi,
833 387 987 466 quantum
1013 407 1067 467 pa-

53 473 199 536 rentibus
215 473 280 536 suis
296 473 431 555 quisque
447 472 582 536 deberet.
611 471 718 554 Recte,
734 470 856 555 Caesar,
872 472 957 554 quod
977 494 1066 555 spem
1085 489 1103 534 4

53 561 193 624 Romani
215 562 355 624 nominis
381 562 563 644 sumptibus
586 561 651 625 tuis
678 562 821 644 suscipis.
858 560 994 624 Nullum
1018 565 1067 625 est

26 650 142 715 eenim
165 671 282 735 magno
305 651 449 733 principe
473 650 812 733 immortalitatemque
835 651 989 714 meriture
1009 650 1066 713 im-

53 739 164 822 pendii
188 760 288 824 genus
313 739 450 824 dignius,
469 762 566 821 quam
586 738 672 822 quod
691 744 841 824 erogatur
859 740 892 802 iu
911 743 1065 823 posteros.

52 828 246 910 Locupletes
278 828 318 890 ad
351 828 510 892 tollendos
542 829 661 892 liberos
694 829 837 913 ingentia
864 830 1006 912 praemia
1036 833 1103 892 111

53 939 148 1000 pares
180 938 302 1000 poenae
334 917 558 1002 adhortantur,
590 918 784 1000 pauperibus
818 917 973 982 educandi
1004 940 1068 980 una

52 1007 138 1068 ratio
166 1009 215 1069 est
242 1006 345 1069 bonus
372 1007 530 1090 princeps.
571 1005 634 1070 Hie
661 1006 779 1070 fiducia
807 1007 856 1070 sui
883 1011 1103 1089 procreatore

13 1095 120 1159 renisi
143 1097 233 1178 larga
256 1117 352 1158 manu
371 1095 468 1177 fovet,
487 1099 592 1180 auget,
611 1095 823 1178 amplectitur,
843 1116 991 1160 oceasum
1010 1096 1068 1159 im-

53 1183 147 1267 perii,
180 1203 327 1247 occasum
355 1185 402 1247 rei
428 1183 575 1266 publicae
603 1185 758 1248 accelerat
785 1183 966 1266 frustraque
997 1206 1069 1266 pro-

54 1293 143 1336 ceres
166 1272 258 1356 plebe
282 1273 427 1356 neglecta
450 1277 487 1336 ut
511 1273 674 1337 desectum
699 1294 830 1356 corpore
859 1278 955 1356 caput
977 1276 1069 1336 nuta-

53 1366 229 1444 turumque
243 1361 386 1425 instabili
400 1362 539 1446 pondere
553 1366 669 1426 tuetur.
697 1361 803 1425 Facile
818 1367 867 1426 111
882 1363 1069 1445 coniectare,
1089 1376 1104 1423 1

54 1451 145 1533 quod
167 1451 344 1534 perceperis
363 1450 525 1534 gaudium,
544 1473 616 1515 cum
635 1456 667 1514 tc
687 1455 867 1535 parentum,
884 1451 1069 1532 liberorum,

12 1565 38 1604 11
55 1561 179 1621 senum,
194 1540 374 1622 infantium,
388 1561 561 1622 puerorum
577 1542 698 1604 clamor
711 1541 880 1622 exciperet.
906 1539 994 1604 Haec
1007 1541 1069 1623 pri-

54 1651 109 1692 ma
128 1628 334 1711 parvulorum
354 1630 472 1693 civium
491 1650 554 1693 1011
569 1650 660 1693 aures
674 1633 746 1692 tuas
760 1629 887 1711 imbuit,
902 1629 1019 1711 quibus
1034 1634 1070 1691 tu

54 1719 190 1781 daturus
205 1717 356 1781 alimenta
370 1717 433 1781 hoc
447 1719 623 1781 maximum
638 1719 837 1801 praestitisti,
855 1741 895 1782 ne
909 1722 1068 1804 rogarent.

124 1805 227 1888 Super
250 1806 358 1870 omnia
384 1811 576 1890 esttamen,
605 1808 691 1890 quod
714 1808 787 1871 talis
817 1829 863 1891 es,
890 1811 928 1871 ut
955 1802 1122 1871 11111127

53 1897 175 1958 liberos
198 1896 311 1958 tollere
334 1896 441 1978 libeat,
465 1895 620 1979 expediat.
657 1890 761 1960 Nemo
786 1898 850 1960 iam
869 1897 1070 1980 parens'filio

11 2011 41 2048 10
55 1984 120 2047 nisi
144 1984 328 2068 fragilitatis
351 1984 510 2048 humanae
529 1986 614 2049 vices
633 1986 751 2068 horret,
768 2005 828 2048 nec
844 1987 930 2049 inter
947 1987 1071 2048 insana-

54 2073 138 2136 biles
158 2073 288 2137 morbos
307 2074 461 2156 principis
480 2075 528 2137 ira
545 2079 739 2138 numeratur.
772 2073 927 2159 Magnum
943 2073 1071 2156 quidem

55 2166 105 2226 est
130 2162 285 2226 educandi
304 2163 547 2226 incitamentum
567 2163 680 2227 tollere
703 2163 822 2226 hberos
845 2164 880 2226 in
903 2184 992 2245 spem
1016 2163 1073 2226 ali-

54 2254 250 2333 mentorum,
265 2253 297 2314 iu
312 2274 402 2334 spem
419 2253 666 2336 congiariorum,
680 2253 782 2315 maius
801 2256 910 2315 tamen
928 2253 962 2314 in
982 2273 1071 2334 spem

55 2341 227 2422 libertatis,
241 2342 275 2402 in
289 2363 378 2424 spem
393 2342 580 2405 securitatis.
604 2339 712 2424 Atque
726 2340 805 2404 adeo
820 2340 903 2404 nihil
916 2342 1073 2424 largiatur
1091 2355 1107 2400 2

11 2455 41 2494 as
56 2429 217 2512 princeps,
241 2430 316 2492 dum
341 2429 422 2493 nihil
446 2430 577 2512 auferat,
604 2453 669 2494 non
698 2432 771 2513 alat,
799 2429 874 2493 dum
902 2452 968 2494 non
992 2429 1072 2492 occi-

58 2519 126 2601 dat3
149 2539 208 2582 nee
232 2518 373 2602 deerunt,
397 2519 453 2602 qui
476 2519 561 2583 fihos
590 2519 826 2602 concupiscant.
869 2517 987 2583 Contra
1012 2519 1073 2581 lar-

57 2607 167 2692 giatur
191 2611 222 2670 et
246 2607 377 2690 auferat,
401 2610 466 2672 alat
493 2613 526 2671 et
554 2609 690 2693 occidat,
720 2630 760 2672 ne
788 2609 843 2672 ille
871 2608 955 2671 idem
983 2608 1073 2670 brevi

55 2701 203 2778 tompore
227 2696 374 2779 effecerit,
397 2701 434 2760 ut
458 2719 569 2761 omnes
586 2720 652 2761 non
671 2702 873 2781 posterorum
892 2696 998 2778 modo,
1018 2697 1072 2759 sed

58 2785 109 2848 sui
138 2789 371 2868 parentumque
399 2786 568 2870 paeniteat.
610 2785 767 2862 Quocirca
793 2786 876 2850 nihil
903 2785 1006 2870 magis
1039 2785 1109 2848 1113

12 2900 43 2940 aa
56 2878 115 2937 tua
128 2877 199 2938 tota
216 2873 409 2938 liberalitate
427 2876 632 2959 laudaverim,
652 2898 747 2958 quam
768 2876 854 2958 quod
873 2874 1073 2959 congiarium

58 2963 115 3026 das
141 2962 179 3026 de
202 2967 268 3046 tuo,
292 2963 444 3027 alimenta
467 2964 506 3028 de
529 2968 595 3048 tuo,
618 2987 722 3047 neque
746 2986 764 3027 a
787 2967 818 3027 11
841 2965 936 3028 liberi
955 2963 1074 3028 civium

57 3056 96 3115 ut
128 3052 267 3115 ferarum
301 3053 399 3116 catuli
432 3054 586 3137 sanguine
623 3057 655 3116 et
688 3052 837 3116 caedibus
873 3052 1073 3136 nutriuntur,

134 3233 165 3280 12
196 3227 337 3280 defectum
355 3231 424 3282 moll.
444 3230 529 3294 codd,
554 3229 622 3281 1111.
714 3233 746 3280 15
775 3244 892 3297 pueron,
916 3227 1074 3296 puellarum

60 3300 98 3352 Η.
119 3297 230 3368 Sauppe
252 3300 326 3353 Phil.
338 3301 431 3354 XXX
445 3305 569 3368 134sqq.,
592 3316 742 3368 puerorum
765 3316 815 3353 om.
835 3301 876 3365 A,
902 3300 952 3352 del.
973 3300 1073 3353 Bacbr.

54 3388 85 3438 p.
97 3371 202 3424 XXII.
263 3376 296 3423 27
316 3370 392 3424 idem
405 3388 465 3438 scr,
479 3371 510 3424 in
523 3373 584 3424 tam
597 3389 620 3425 u.
635 3371 725 3424 uitam
739 3372 825 3436 codd,
840 3371 926 3424 etiam
940 3370 1074 3435 Sebworz,

59 3442 130 3508 K.I,
149 3440 207 3494 iam
228 3441 338 3508 Gesner,
358 3443 445 3509 ΚΠ,
469 3458 554 3509 quam
573 3443 709 3508 Bacbuer,
733 3441 803 3494 mihi
822 3441 879 3494 iam
899 3443 1009 3508 Boebr,
1033 3442 1075 3494 ita

59 3513 182 3567 Scenae
200 3518 244 3567 28.
318 3519 351 3565 30
371 3515 433 3568 tuta
453 3515 552 3568 Boebr.

114 3613 187 3652 Purrr
200 3614 347 3653 1111111111.
881 3609 912 3655 21
