2480 3942
384 199 641 255 EPISTULARUM
660 206 790 256 so-roo.
1030 201 1095 270 293

77 368 174 428 cutus
193 386 235 429 es.
257 364 372 446 Neque
390 365 475 428 enim
494 365 529 428 in
546 366 730 430 universum
749 365 880 450 aliquid,
899 367 986 450 quod
1004 367 1096 448 quasi

77 456 200 518 certam
218 453 356 518 formam
379 452 510 536 habeat,
541 455 693 520 constitui
716 457 833 537 potest.
879 452 1129 538 Conquirendia

76 563 147 606 non
174 546 261 626 sunt3
294 543 322 606 si
350 541 533 606 deferantur
560 546 592 606 et
619 545 807 628 arguantur,
834 544 989 627 puniendi
1012 548 1096 627 sunt,

77 633 127 695 ita
150 633 267 714 tamen,
290 634 336 714 ut,
360 632 416 715 qui
438 631 603 716 negaverit
622 653 656 696 se
675 628 892 696 Christianum
913 654 982 697 esse
1000 634 1096 716 idque

32 743 114 787 ,51¹0
149 721 219 803 ipsa
254 719 462 784 manifestum
494 719 620 802 fecerit,
654 720 690 784 id
722 724 771 786 est
803 722 1013 804 supplicando
1046 721 1095 787 dis
1124 748 1128 754 ¹

75 810 213 892 nostris,
241 810 387 892 quamvis
411 812 576 893 suspectus
604 810 639 872 in
660 811 884 893 praeteritum,
906 812 1032 875 veniam
1056 833 1096 875 ex

75 898 277 982 paenitentia
295 893 453 982 impetret.
492 894 567 961 Sine
582 893 711 963 auctore
726 901 975 983 veropropositi
992 901 1096 965 libelli

76 988 114 1050 ia
132 987 224 1050 nullo
244 987 376 1051 crimine
394 987 502 1050 locum
520 986 639 1051 habere
658 987 784 1052 debent.
808 987 894 1052 Nam
914 993 946 1052 et
964 990 1096 1072 pessimi

77 1076 219 1159 exempli
242 1096 301 1140 neo
323 1077 427 1140 nostri
450 1076 569 1140 saeculi
610 1071 629 1140 s

31 1247 60 1286 ro
445 1080 736 1302 Xcvfflffibm]

280 1323 310 1374 04
332 1323 471 1372 PLINIUS
496 1323 650 1371 TRAIANO
675 1324 900 1372 IMPERATORI.

147 1411 425 1478 Amastrianorum
440 1414 561 1496 civitas,
581 1414 720 1496 domine,
737 1417 771 1490 et
785 1414 914 1498 elegans
933 1417 965 1478 et
984 1418 1097 1478 ornata
1116 1432 1129 1478 1

75 1503 177 1604 habet
202 1503 212 1604 Ἰ
234 1505 284 1566 ter
304 1504 476 1586 praecipua
500 1524 596 1604 opera
623 1502 871 1586 pulcherrimam
900 1502 1096 1605 eandemque

30 1707 58 1750 2⁵
75 1592 1096 1766 t⁰tt3t³ttlttrlttillibate{atlttltt

10 1823 11 1834 ,
77 1769 211 1833 dissime
247 1789 284 1834 ac
321 1771 405 1834 sicut
440 1770 544 1854 turpis
581 1770 840 1835 immundissimo
877 1774 1009 1855 aspectu
1050 1772 1096 1835 ita

10 1863 11 1870 ’
75 1858 231 1941 pestilens
251 1859 348 1922 odore
366 1860 559 1923 taeterrimo.
593 1857 716 1934 Quibus
731 1881 771 1923 ex
785 1860 888 1924 causis
907 1881 973 1923 non
989 1860 1131 1924 minusa

77 1947 277 2012 salubritatis
306 1969 401 2031 quam
429 1947 552 2012 decoris
580 1948 714 2012 interest
741 1970 811 2012 eam
836 1950 977 2035 contegi,
1009 1948 1097 2032 quod

76 2037 145 2118 fiet,
168 2037 196 2101 si
217 2037 410 2120 permiseris,
434 2035 621 2101 curantibus
638 2037 743 2121 nobis,
765 2059 806 2100 ne
825 2037 948 2120 (111111ι
968 2057 1097 2120 quoque

30 2154 59 2192 ro
76 2126 216 2209 pecnnia
239 2126 328 2209 operi
350 2129 417 2190 tam
440 2147 559 2211 magno
584 2148 679 2209 quam
703 2126 891 2190 necessario.

493 2289 594 2349 xcix.
619 2285 680 2369 [1.]

423 2390 595 2439 TRAIANUS
620 2390 750 2438 PLINIO.

147 2479 293 2545 Rationis
317 2485 375 2563 est,
397 2482 443 2544 mi
463 2479 607 2546 Secunde
631 2482 801 2564 carissime,
825 2482 954 2566 contegi
977 2502 1094 2564 aquam

12 2595 14 2656 }
76 2573 189 2653 istam,
216 2591 297 2654 quae
318 2592 376 2654 per
400 2570 561 2635 civitatem
585 2568 864 2635 Amastrianorum
886 2569 973 2652 fluit,
997 2569 1024 2634 si
1047 2570 1094 2633 in·

29 2687 58 2728 ss
75 2661 163 2724 tecta
187 2659 368 2723 salubritati
392 2659 491 2724 obest.
536 2657 677 2723 Pecunia
704 2682 744 2724 ne
776 2660 853 2724 huic
883 2660 971 2742 operi
1002 2657 1095 2743 desit,

75 2751 262 2812 curaturum
277 2752 310 2812 te
324 2747 498 2813 secundum
517 2747 716 2833 diligentiam
735 2752 824 2812 tuam
840 2752 962 2813 certum
980 2746 1093 2811 habeo.

407 2957 410 2962 -
521 2912 550 2973 0.
591 2912 636 2971 01.

276 3013 304 3062 c.
327 3013 466 3060 Parmos
491 2907 652 3061 saalim]
669 3013 894 3060 impressori.

145 3101 239 3188 Vota,
262 3103 398 3187 domine,
421 3103 566 3186 priorum
589 3125 746 3166 annorum
769 3105 953 3186 nuncupata
972 3103 1091 3166 alacres

28 3221 58 3261 so
72 3192 217 3275 laetique
238 3192 450 3275 persolvimus
473 3201 622 3274 novaque
640 3213 753 3280 rursus
771 3194 912 3255 certante
936 3191 1091 3254 commili-

73 3287 190 3345 tonum
209 3284 241 3344 et
253 3281 499 3364 provincialium
517 3281 636 3364 pietate
654 3282 851 3366 suscepimus
865 3280 987 3364 precati
1006 3280 1090 3363 deos,

73 3373 111 3434 ut
144 3373 177 3433 te
207 3389 339 3454 remque
371 3362 533 3454 publicam
566 3368 732 3434 florentem
765 3373 797 3433 et
826 3370 1020 3433 incolumem
1054 3391 1091 3432 ea

74 3482 80 3486 Π
148 3513 181 3562 17
201 3509 299 3562 teter-r!
315 3510 383 3563 K.I.
466 3514 545 3576 19'†
568 3509 642 3576 aad,
666 3524 777 3576 quoque
801 3509 943 3578 displicuit
968 3507 1090 3578 scapio

73 3597 189 3650 quoque.
1013 3637 1016 3643 ,
