2442 3940
110 127 112 133 ’
141 169 185 234 36
456 207 463 218 .
578 167 606 222 c.
626 167 723 221 amm

140 333 248 415 etiam,
269 335 307 396 ut
330 335 439 415 posset
463 352 553 396 senes
576 331 650 395 illos
678 351 853 414 provocare
880 331 1009 414 virtute,
1037 330 1155 414 quibus

106 439 226 487 anunc
257 419 380 485 honore
412 419 606 504 adaequatus
645 424 702 484 est.
757 418 828 496 Quo
861 420 991 504 quidem
1022 418 1157 502 honore,

141 512 298 595 quantum
326 531 385 594 ego
414 509 620 594 interpretor,
647 530 713 572 non
740 509 836 573 modo
865 508 1009 574 defuncti
1036 530 1156 572 memo·

20 650 21 654 ,
63 621 65 625 ·
139 601 220 682 riae,
244 597 347 662 dolori
376 599 491 681 patrie,
514 620 625 662 verum
653 598 750 662 etiam
778 599 925 682 exemplo
949 601 1157 684 prospectum

142 691 198 752 est.
235 685 363 752 Acuent
385 687 425 750 ad
447 686 548 751 bones
572 689 655 751 artes
679 687 878 751 iuventutem
897 685 1156 752 adulescentibus
1182 710 1192 748 s

143 797 280 861 quoque,
304 779 341 840 ut
363 774 454 860 digni
478 775 543 840 sint
566 776 671 859 modo,
694 779 785 840 tanta
807 777 949 859 praemia
973 775 1158 858 constituta,

143 869 258 930 acuent
281 863 442 948 principes
465 864 551 928 viros
576 865 617 928 ad
639 864 758 929 liberos
784 865 1002 948 suscipiendos
1026 867 1059 928 et
1083 885 1158 949 gau-

142 955 195 1018 dia
218 975 257 1017 ex
281 953 506 1037 superstitibus
525 957 558 1017 et
580 976 620 1017 ex
639 954 764 1018 amissis
783 957 850 1017 tam
869 953 1011 1038 gloriosa
1029 953 1157 1017 solacia.

108 1063 123 1110 e
142 1041 202 1106 His
226 1065 266 1106 ex
289 1043 393 1107 causis
417 1045 523 1106 statua
542 1039 632 1106 Cotti
653 1042 782 1125 publice
799 1043 903 1106 laetor
925 1063 985 1107 nec
1007 1042 1158 1125 privatim

143 1133 258 1197 minus.
304 1129 421 1196 Amavi
449 1131 797 1196 consummatissimum
831 1131 979 1195 iuvenem
1011 1135 1079 1194 tam
1113 1152 1194 1194 ar-1o

142 1221 262 1306 denter,
286 1242 383 1306 quam
406 1242 492 1286 nunc
510 1220 705 1303 inpatienter
722 1219 858 1304 requiro.
895 1218 970 1321 Erit
993 1239 1069 1320 ergo
1091 1241 1158 1302 per·

143 1307 1056 1482 iidiemileslpiilildreiiaiiibefiigeledloniiiltserieilbpiiiliteiniisaiii'
1076 1308 1159 1461 carauni

110 1507 124 1554 t
144 1510 257 1552 meare.
294 1486 435 1568 Etenim,
459 1486 487 1550 si
507 1486 731 1551 defunctorum
751 1486 907 1570 imagines
927 1485 1015 1552 domi
1034 1486 1158 1568 positae

144 1577 287 1640 dolorem
311 1579 457 1640 nostrum
478 1575 596 1659 levant,
620 1578 740 1660 quanto
764 1575 868 1660 magis
891 1574 961 1658 hae,
985 1573 1103 1659 quibus
1127 1574 1159 1637 in
1173 1598 1213 1638 15*

145 1665 351 1730 celeberrimo
374 1663 447 1729 loco
470 1685 537 1728 non
559 1663 655 1730 modo
680 1663 801 1747 species
825 1668 857 1728 et
886 1663 995 1729 vultus
1019 1662 1157 1744 illorum,
1212 1671 1213 1752 ,

79 1792 103 1878 q
144 1752 200 1818 sed
222 1753 327 1818 honor
349 1753 446 1817 etiam
471 1756 502 1817 et
525 1753 629 1839 gloria
651 1753 810 1818 refertur?
849 1751 939 1818 Vale.
992 1797 994 1800 -

404 2018 432 2066 0.
455 2017 594 2066 PLINIUS
618 2017 662 2064 CA
725 2017 761 2065 10
785 2017 850 2066 SUO
875 2017 901 2065 A

111 2126 125 2173 1
213 2107 329 2172 Studes
362 2130 403 2172 an
434 2107 569 2191 piscaris
601 2129 642 2170 an
673 2106 799 2172 venaris
827 2129 869 2172 an
899 2105 996 2170 simul
1028 2106 1157 2170 omnia?
1172 2130 1194 2168 sc

145 2197 285 2262 Possunt
313 2196 399 2264 enim
426 2197 534 2260 omnia
561 2195 658 2260 simul
684 2195 755 2259 fieri
783 2195 823 2259 ad
846 2195 977 2260 Larium
1001 2198 1179 2272 nostrum.=

144 2285 230 2352 Nam
252 2285 341 2349 lacus
364 2286 495 2369 piscem,
517 2285 601 2349 feras
624 2284 733 2368 silvae,
755 2285 872 2368 quibus
894 2285 984 2349 lacus
1008 2284 1159 2370 cingitur,

112 2394 127 2440 2
146 2375 252 2440 studia
270 2373 446 2439 altissimus
464 2375 525 2438 iste
544 2395 687 2438 secessus
706 2371 840 2438 adfatim
864 2375 1049 2458 suggerunt.
1088 2371 1159 2456 Sed,

147 2465 213 2528 sire
237 2463 344 2527 omnia
363 2462 460 2528 simul
479 2463 545 2526 sive
564 2462 687 2547 aliquid
706 2462 794 2545 facis,
811 2482 879 2526 non
895 2483 1027 2545 possum
1051 2460 1158 2526 dicere

147 2552 312 2636 ‘invideo'3
342 2573 444 2638 angor
465 2556 574 2616 tamen
602 2573 669 2616 non
698 2554 730 2615 et
759 2550 840 2614 mihi
866 2551 972 2633 licere,
1001 2572 1083 2635 quae
1115 2552 1160 2614 sic
1173 2573 1194 2613 a

148 2642 339 2725 concupisco
371 2643 408 2704 ut
440 2640 528 2727 aegri
559 2640 687 2722 vinum,
718 2640 860 2725 balinea,
893 2639 1006 2705 fontes.
1056 2638 1159 2705 Num-

148 2752 285 2814 quamne
316 2730 377 2794 hos
409 2729 587 2793 artissimos
618 2729 765 2812 laqueos,
797 2730 825 2792 si
858 2728 980 2794 solvere
1014 2731 1161 2813 negatur,

114 2818 359 2902 eabrumpam?
381 2815 577 2901 Numquam,
600 2821 690 2901 put0.
726 2816 810 2884 Nam
833 2817 995 2882 veteribus
1018 2819 1160 2903 negotiis
1211 2815 1212 2894 t

149 2928 233 2971 nora
264 2907 465 2990 adcrescunt,
496 2927 556 2971 nec
587 2909 696 2971 tamen
726 2907 835 2991 priora
865 2910 1076 2992 'peraguntur;
1109 2909 1160 2970 tot
1211 2901 1212 2973 i

106 3065 112 3075 Η
150 2995 293 3079 nexibus,
312 3000 362 3060 tot
380 2996 473 3080 quasi
496 2995 616 3060 catenis
636 2996 739 3059 maius
763 2997 797 3060 in
819 2995 887 3060 dics
911 2995 1161 3079 occupationum
1175 3019 1198 3057 so

116 3123 119 3131 ‹
151 3106 267 3170 agmen
290 3085 479 3149 extenditur.
516 3083 606 3148 Vale.

224 3354 239 3401 6
258 3351 290 3402 ut
308 3349 412 3417 Frsp,
431 3365 482 3406 om.
500 3349 566 3413 rell,
584 3347 694 3402 utinam
712 3348 782 3403 ocni.
804 3347 866 3404 Otto
882 3364 912 3417 p.
927 3351 992 3404 292.
