2458 3940
163 134 229 198 354
598 133 626 188 C.
645 133 744 188 PLINI

127 297 276 363 4caedes
298 298 572 362 machinabantur.
609 295 758 380 Oprava
785 301 818 362 et
840 297 942 362 inscia
964 318 1057 361 verae
1083 298 1187 361 maie-

163 385 255 451 statis
279 387 422 471 ambitiO,
442 387 666 470 concupiscere
687 386 852 471 honorem,
871 408 966 470 quem
986 385 1187 471 dedigneris,

164 475 338 561 dedignari,
362 497 457 559 quem
482 476 692 559 concupieris,
715 496 852 558 cumque
871 498 911 539 ex
929 475 1087 559 proximis
1108 474 1186 540 hor·
1219 499 1220 580 q

163 566 205 628 tis
229 586 377 649 campum
401 569 433 628 et
456 565 586 629 comitia
610 569 804 648 prospectes,
828 566 874 629 sic
900 564 940 628 ab
969 564 1034 628 illis
1056 563 1185 648 abesse,
1219 603 1220 630 ι

128 658 329 736 otamquam
357 652 507 719 Danubio
535 653 713 737 Rhenoque
741 653 902 717 dirimere!
943 651 1113 717 Averseris
1145 658 1184 717 tu
1207 683 1220 720 ι,

163 742 280 806 honori
301 747 359 807 tuo
381 746 507 826 sperata
531 742 682 828 suffragia
700 742 941 826 renuntiarique
960 745 993 806 te
1011 743 1184 806 consulem

163 832 293 897 iussisse
308 834 479 896 contentus
493 831 612 896 liberae
631 832 771 897 civitatis
790 854 830 895 ne
849 831 1090 896 simulationem
1110 833 1184 915 qui-

164 921 236 984 dem
260 942 374 1003 serves,
394 921 554 986 abstineas
578 921 715 1004 denique
738 921 876 986 comitiis
895 921 1060 985 abstrusus
1081 925 1186 1004 atque

163 1010 300 1093 abditus,
324 1010 415 1092 quasi
437 1011 505 1074 illic
523 1010 583 1074 tibi
601 1032 668 1074 non
686 1012 871 1075 consulatus
891 1011 991 1087 detur,
1010 1009 1066 1073 sed
1085 1009 1184 1074 ebro

129 1115 145 1164 6
164 1103 259 1184 getur
280 1099 472 1182 imperium?
509 1097 598 1163 Haec
620 1098 785 1183 persuasio
814 1098 1051 1183 superbissimis
1076 1099 1184 1163 domi-
1198 1107 1220 1180 ιι

163 1188 214 1252 nis
237 1193 312 1272 erat,
335 1192 372 1251 ut
395 1187 457 1252 sibi
480 1188 664 1252 viderentur
686 1188 847 1272 principes
875 1210 943 1252 esse
971 1188 1129 1272 desinere,
1156 1189 1185 1252 si

165 1276 242 1360 quid
261 1278 404 1341 facerent
420 1281 585 1359 tamquam
605 1281 775 1341 senatores.
812 1277 962 1360 Plerique
984 1280 1096 1341 tamen
1113 1299 1186 1341 non

130 1369 229 1431 atam
253 1367 400 1450 superbia
419 1388 515 1449 quam
534 1369 623 1430 metu
642 1365 782 1449 quodam
804 1365 1087 1430 submovebantur.
1126 1365 1185 1430 An

164 1458 347 1539 stuprorum
372 1455 435 1519 sibi
452 1455 710 1538 moesiarumque
729 1455 874 1519 noctium
894 1455 1014 1520 conscii
1033 1456 1185 1538 auspicia

163 1545 306 1627 polluere
330 1546 552 1627 sacratumque
575 1565 724 1626 campum
746 1544 870 1608 nefario
894 1543 1046 1608 auderent
1069 1548 1185 1608 conta-
1198 1567 1220 1612 rs

164 1634 285 1696 minare
307 1634 466 1718 vestigio?
501 1631 578 1698 Non
600 1633 679 1697 adeo
703 1633 778 1698 deos
801 1633 1012 1716 hominesque
1036 1637 1184 1697 contem-

164 1724 302 1804 pserant,
320 1725 358 1784 ut
376 1721 480 1785 inille
499 1721 733 1805 speciosissima
752 1723 825 1787 sede
842 1722 1012 1786 hominum
1031 1722 1186 1786 deorum-

165 1831 228 1892 que
255 1810 415 1873 coniectos
442 1811 477 1874 in
499 1833 532 1874 se
561 1812 671 1876 oculos
700 1811 784 1875 ferre
815 1833 853 1876 ac
879 1812 1006 1895 perpeti
1036 1816 1185 1894 possent.
1219 1809 1220 1812 ’

130 1914 146 1962 8
166 1897 240 1962 Tibi
264 1902 375 1963 contra
398 1903 430 1962 et
452 1899 630 1964 moderatio
654 1903 710 1964 tua
734 1901 835 1964 suasit
853 1904 885 1964 et
904 1901 1066 1982 sanctitas,
1090 1903 1129 1964 ut
1150 1905 1185 1964 te

113 1985 159 2052 64
166 1990 198 2051 et
210 1988 360 2074 religioni
374 1988 506 2052 deorum
525 1991 557 2052 et
576 1988 702 2052 iudiciis
720 1989 891 2053 hominum
910 1988 1085 2053 exhiberes.
1111 1987 1185 2053 Alii
1199 2017 1220 2058 ιι

166 2077 377 2159 consulatum,
400 2081 474 2141 ante
497 2098 593 2159 quam
617 2079 807 2161 acciperent,
829 2081 875 2160 tu,
898 2082 930 2142 et
949 2079 1025 2141 dum
1049 2079 1186 2163 accipis,

164 2167 317 2230 meruisti.
354 2165 487 2230 Peracta
510 2170 600 2230 erant
624 2167 791 2230 sollemnia
813 2167 1026 2248 comitiorum,
1045 2167 1074 2230 si
1093 2169 1187 2250 prin-

166 2255 270 2337 cipem
293 2256 459 2340 cogitares,
482 2255 610 2339 iamque
634 2277 667 2319 re
696 2256 800 2319 omnis
828 2255 923 2320 turba
951 2262 1187 2341 commoverat,

166 2365 239 2408 cum
262 2347 298 2408 tu
321 2343 513 2407 mirantibus
537 2345 661 2409 cunctis
683 2345 807 2409 accedis
826 2345 867 2408 ad
890 2343 1031 2409 consulis
1055 2345 1185 2430 sellam,

166 2431 358 2518 adigendum
380 2437 412 2496 te
435 2433 568 2516 praebes
591 2433 626 2496 in
643 2433 739 2498 verba
757 2433 958 2517 principibus
975 2435 1097 2519 ignota,
1115 2435 1220 2508 nisis

167 2543 239 2585 cum
266 2522 369 2585 iurare
397 2525 549 2606 cogerent
578 2522 666 2586 alios.
702 2520 810 2600 Vides,
839 2544 935 2605 quam
962 2523 1185 2588 necessarium

165 2610 263 2673 fuerit
282 2611 483 2673 consulatum
502 2631 568 2674 non
584 2632 739 2675 recusare.
775 2609 852 2676 Non
870 2615 1073 2694 putassemus
1092 2613 1185 2676 istud

132 2702 198 2764 ate
220 2699 379 2763 facturum
402 2699 510 2783 fuisse,
536 2700 563 2762 si
585 2721 771 2764 recusasses.
809 2698 941 2783 Stupe0,
968 2704 1077 2784 patres
1106 2723 1183 2765 con-

167 2787 285 2871 scripti,
308 2788 443 2852 necdum
463 2789 541 2852 satis
564 2791 620 2852 aut
641 2789 742 2853 oculis
760 2790 840 2854 meis
859 2794 914 2853 aut
932 2790 1063 2853 auribus
1083 2790 1183 2854 credo

167 2881 262 2961 atque
276 2877 449 2941 identidem
464 2899 524 2959 me,
541 2900 582 2942 an
600 2876 764 2958 audierim,
782 2899 824 2942 an
841 2879 985 2963 viderim,
1004 2879 1183 2965 interrogo.
1197 2901 1220 2960 ιι

166 2964 344 3048 Imperator
362 2987 437 3052 ergo
457 2971 489 3030 et
509 2965 624 3030 Caesar
642 2971 674 3031 et
692 2966 859 3052 Augustus
878 2968 1065 3051 etpontifex
1079 2969 1184 3032 maxi-

167 3077 238 3118 mus
257 3055 346 3118 stetit
359 3059 433 3118 ante
452 3055 609 3141 gremium
629 3057 779 3140 consulis,
797 3057 941 3140 seditque
961 3057 1075 3121 consul
1093 3058 1183 3140 prin·

168 3146 237 3226 cipe
260 3146 334 3208 ante
357 3165 390 3207 se
414 3147 518 3208 stante
546 3149 578 3208 et
608 3145 690 3209 sedit
716 3145 911 3228 inturbatus‚
939 3147 1120 3230 interritus,
1147 3151 1183 3210 et

132 3236 331 3314 atamquem
361 3233 406 3295 ite
436 3233 506 3296 fieri
536 3235 659 3298 soleret.
697 3232 782 3310 Quin
811 3235 908 3298 etiam
936 3235 1049 3299 sedens
1079 3237 1183 3299 stanti

241 3443 254 3488 1
279 3439 379 3492 caedes
398 3441 475 3494 Keila'
492 3443 550 3496 eod.
571 3445 696 3510 Monac,
722 3445 837 3510 Basta,
861 3445 975 3498 caedem
993 3446 1065 3514 culp.
1144 3450 1183 3498 34
1219 3443 1220 3450 ’

171 3505 258 3558 stanti
275 3509 311 3572 A,
332 3509 426 3575 Groa.⁷
445 3513 527 3564 KH
535 3521 600 3581 post
617 3515 725 3580 sedens,
744 3522 807 3569 onte
826 3516 935 3581 Barba,
954 3531 1005 3569 om.
1024 3516 1095 3569 KJ.
