<?xml version="1.0" encoding="UTF-8"?>
<!DOCTYPE html PUBLIC "-//W3C//DTD XHTML 1.0 Transitional//EN"
    "http://www.w3.org/TR/xhtml1/DTD/xhtml1-transitional.dtd">
<html xmlns="http://www.w3.org/1999/xhtml" xml:lang="en" lang="en">
 <head>
  <title>
</title>
<meta http-equiv="Content-Type" content="text/html;charset=utf-8" />
  <meta name='ocr-system' content='tesseract 3.04.00' />
  <meta name='ocr-capabilities' content='ocr_page ocr_carea ocr_par ocr_line ocrx_word'/>
</head>
<body>
  <div class='ocr_page' id='page_1' title='image "./cplinicaecilise00mlgoog_0105.png"; bbox 0 0 2468 3938; ppageno 0'>
   <div class='ocr_carea' id='block_1_1' title="bbox 158 142 738 207">
    <p class='ocr_par' dir='ltr' id='par_1_1' title="bbox 158 142 738 207">
     <span class='ocr_line' id='line_1_1' title="bbox 158 142 738 207; baseline -0.002 -11"><span class='ocrx_word' id='word_1_1' title='bbox 158 143 201 207; x_wconf 84' lang='lat'>94</span> <span class='ocrx_word' id='word_1_2' title='bbox 594 143 620 197; x_wconf 83' lang='lat'>0.</span> <span class='ocrx_word' id='word_1_3' title='bbox 640 142 738 196; x_wconf 88' lang='lat' dir='ltr'>PLINI</span> 
     </span>
    </p>
   </div>
   <div class='ocr_carea' id='block_1_2' title="bbox 108 304 1218 1988">
    <p class='ocr_par' dir='ltr' id='par_1_2' title="bbox 123 304 1178 567">
     <span class='ocr_line' id='line_1_2' title="bbox 123 304 1178 390; baseline -0.001 -19"><span class='ocrx_word' id='word_1_4' title='bbox 123 322 139 371; x_wconf 88' lang='lat'>8</span> <span class='ocrx_word' id='word_1_5' title='bbox 159 307 262 370; x_wconf 92' lang='lat' dir='ltr'>ciente</span> <span class='ocrx_word' id='word_1_6' title='bbox 284 307 371 389; x_wconf 85' lang='lat' dir='ltr'>vicit,</span> <span class='ocrx_word' id='word_1_7' title='bbox 395 305 625 390; x_wconf 65' lang='lat' dir='ltr'>triumphavit?</span> <span class='ocrx_word' id='word_1_8' title='bbox 662 304 836 370; x_wconf 84' lang='lat' dir='ltr'>Blandiens</span> <span class='ocrx_word' id='word_1_9' title='bbox 859 305 938 370; x_wconf 88' lang='lat' dir='ltr'>haec</span> <span class='ocrx_word' id='word_1_10' title='bbox 957 329 999 370; x_wconf 88' lang='lat' dir='ltr'>an</span> <span class='ocrx_word' id='word_1_11' title='bbox 1021 306 1178 388; x_wconf 88' lang='lat' dir='ltr'>inridens,</span> 
     </span>
     <span class='ocr_line' id='line_1_3' title="bbox 159 395 1178 479; baseline -0.001 -20"><span class='ocrx_word' id='word_1_12' title='bbox 159 418 198 459; x_wconf 87' lang='lat' dir='ltr'>ex</span> <span class='ocrx_word' id='word_1_13' title='bbox 221 395 339 459; x_wconf 91' lang='lat' dir='ltr'>fiducia</span> <span class='ocrx_word' id='word_1_14' title='bbox 362 396 412 459; x_wconf 91' lang='lat' dir='ltr'>sui</span> <span class='ocrx_word' id='word_1_15' title='bbox 434 417 476 458; x_wconf 87' lang='lat' dir='ltr'>an</span> <span class='ocrx_word' id='word_1_16' title='bbox 502 418 541 459; x_wconf 86' lang='lat' dir='ltr'>ex</span> <span class='ocrx_word' id='word_1_17' title='bbox 564 397 752 478; x_wconf 88' lang='lat' dir='ltr'>contemptu</span> <span class='ocrx_word' id='word_1_18' title='bbox 779 395 934 479; x_wconf 91' lang='lat' dir='ltr'>principis</span> <span class='ocrx_word' id='word_1_19' title='bbox 963 395 1089 478; x_wconf 83' lang='lat' dir='ltr'>dixerit,</span> <span class='ocrx_word' id='word_1_20' title='bbox 1118 396 1178 458; x_wconf 91' lang='lat' dir='ltr'>du-</span> 
     </span>
     <span class='ocr_line' id='line_1_4' title="bbox 159 483 1177 567; baseline -0.001 -19"><span class='ocrx_word' id='word_1_21' title='bbox 159 485 249 558; x_wconf 83' lang='lat' dir='ltr'>bium</span> <span class='ocrx_word' id='word_1_22' title='bbox 273 488 329 548; x_wconf 90' lang='lat' dir='ltr'>est.</span> <span class='ocrx_word' id='word_1_23' title='bbox 366 483 467 566; x_wconf 82' lang='lat' dir='ltr'>Dixit,</span> <span class='ocrx_word' id='word_1_24' title='bbox 492 483 592 547; x_wconf 91' lang='lat' dir='ltr'>donec</span> <span class='ocrx_word' id='word_1_25' title='bbox 613 484 654 547; x_wconf 82' lang='lat' dir='ltr'>ed</span> <span class='ocrx_word' id='word_1_26' title='bbox 672 484 875 567; x_wconf 88' lang='lat' dir='ltr'>supplicium,</span> <span class='ocrx_word' id='word_1_27' title='bbox 894 484 1002 548; x_wconf 90' lang='lat' dir='ltr'>nescio</span> <span class='ocrx_word' id='word_1_28' title='bbox 1022 507 1064 548; x_wconf 88' lang='lat' dir='ltr'>an</span> <span class='ocrx_word' id='word_1_29' title='bbox 1083 485 1177 547; x_wconf 94' lang='lat' dir='ltr'>inno-</span> 
     </span>
    </p>

    <p class='ocr_par' dir='ltr' id='par_1_3' title="bbox 124 571 1218 1190">
     <span class='ocr_line' id='line_1_5' title="bbox 124 571 1177 656; baseline 0 -20"><span class='ocrx_word' id='word_1_30' title='bbox 124 589 139 636; x_wconf 84' lang='lat'><strong>9</strong></span> <span class='ocrx_word' id='word_1_31' title='bbox 160 594 243 656; x_wconf 89' lang='lat' dir='ltr'>oens,</span> <span class='ocrx_word' id='word_1_32' title='bbox 267 576 351 636; x_wconf 84' lang='lat' dir='ltr'>certe</span> <span class='ocrx_word' id='word_1_33' title='bbox 374 576 539 655; x_wconf 87' lang='lat' dir='ltr'>tamquam</span> <span class='ocrx_word' id='word_1_34' title='bbox 563 573 716 636; x_wconf 80' lang='lat' dir='ltr'><strong>innocens</strong></span> <span class='ocrx_word' id='word_1_35' title='bbox 740 572 835 636; x_wconf 88' lang='lat' dir='ltr'>ducta</span> <span class='ocrx_word' id='word_1_36' title='bbox 859 577 915 637; x_wconf 81' lang='lat' dir='ltr'>est.</span> <span class='ocrx_word' id='word_1_37' title='bbox 957 571 1177 654; x_wconf 83' lang='lat' dir='ltr'>Quinetiam,</span> 
     </span>
     <span class='ocr_line' id='line_1_6' title="bbox 160 661 1217 744; baseline -0.004 -18"><span class='ocrx_word' id='word_1_38' title='bbox 160 683 233 726; x_wconf 90' lang='lat' dir='ltr'>cum</span> <span class='ocrx_word' id='word_1_39' title='bbox 265 663 300 724; x_wconf 94' lang='lat' dir='ltr'>in</span> <span class='ocrx_word' id='word_1_40' title='bbox 331 661 412 725; x_wconf 88' lang='lat' dir='ltr'>illud</span> <span class='ocrx_word' id='word_1_41' title='bbox 444 661 686 725; x_wconf 88' lang='lat' dir='ltr'>subterraneum</span> <span class='ocrx_word' id='word_1_42' title='bbox 724 661 907 725; x_wconf 75' lang='lat' dir='ltr'>cubiculum</span> <span class='ocrx_word' id='word_1_43' title='bbox 941 661 1177 744; x_wconf 77' lang='lat' dir='ltr'>demitteretur,</span> <span class='ocrx_word' id='word_1_44' title='bbox 1207 685 1217 722; x_wconf 79' lang='grc'>1</span> 
     </span>
     <span class='ocr_line' id='line_1_7' title="bbox 159 749 1179 835; baseline -0.001 -21"><span class='ocrx_word' id='word_1_45' title='bbox 159 751 377 833; x_wconf 89' lang='lat' dir='ltr'>haesissetque</span> <span class='ocrx_word' id='word_1_46' title='bbox 401 749 605 814; x_wconf 79' lang='lat' dir='ltr'>descendenti</span> <span class='ocrx_word' id='word_1_47' title='bbox 628 752 724 832; x_wconf 87' lang='lat' dir='ltr'>stola,</span> <span class='ocrx_word' id='word_1_48' title='bbox 747 751 845 814; x_wconf 84' lang='lat' dir='ltr'>vertit</span> <span class='ocrx_word' id='word_1_49' title='bbox 872 771 905 814; x_wconf 90' lang='lat' dir='ltr'>se</span> <span class='ocrx_word' id='word_1_50' title='bbox 933 771 970 814; x_wconf 88' lang='lat' dir='ltr'>ac</span> <span class='ocrx_word' id='word_1_51' title='bbox 997 751 1179 835; x_wconf 82' lang='lat' dir='ltr'>recollegit,</span> 
     </span>
     <span class='ocr_line' id='line_1_8' title="bbox 160 839 1180 922; baseline 0 -20"><span class='ocrx_word' id='word_1_52' title='bbox 160 861 296 922; x_wconf 90' lang='lat' dir='ltr'>cumque</span> <span class='ocrx_word' id='word_1_53' title='bbox 320 840 350 902; x_wconf 88' lang='lat' dir='ltr'>ei</span> <span class='ocrx_word' id='word_1_54' title='bbox 373 861 503 902; x_wconf 90' lang='lat' dir='ltr'>manum</span> <span class='ocrx_word' id='word_1_55' title='bbox 527 840 669 902; x_wconf 80' lang='lat' dir='ltr'>carnifex</span> <span class='ocrx_word' id='word_1_56' title='bbox 692 839 790 922; x_wconf 87' lang='lat' dir='ltr'>daret,</span> <span class='ocrx_word' id='word_1_57' title='bbox 810 843 954 903; x_wconf 84' lang='lat' dir='ltr'>aversata</span> <span class='ocrx_word' id='word_1_58' title='bbox 977 842 1026 903; x_wconf 90' lang='lat' dir='ltr'>est</span> <span class='ocrx_word' id='word_1_59' title='bbox 1044 843 1076 902; x_wconf 89' lang='lat' dir='ltr'>et</span> <span class='ocrx_word' id='word_1_60' title='bbox 1099 841 1180 903; x_wconf 89' lang='lat' dir='ltr'>resi-</span> 
     </span>
     <span class='ocr_line' id='line_1_9' title="bbox 159 927 1180 1014; baseline -0.002 -22"><span class='ocrx_word' id='word_1_61' title='bbox 159 929 221 992; x_wconf 90' lang='lat' dir='ltr'>luit</span> <span class='ocrx_word' id='word_1_62' title='bbox 247 927 442 1011; x_wconf 86' lang='lat' dir='ltr'>foedumque</span> <span class='ocrx_word' id='word_1_63' title='bbox 471 929 656 1014; x_wconf 82' lang='lat' dir='ltr'>contagium</span> <span class='ocrx_word' id='word_1_64' title='bbox 684 929 775 1010; x_wconf 89' lang='lat' dir='ltr'>quasi</span> <span class='ocrx_word' id='word_1_65' title='bbox 803 930 898 1011; x_wconf 88' lang='lat' dir='ltr'>plane</span> <span class='ocrx_word' id='word_1_66' title='bbox 922 951 940 992; x_wconf 87' lang='lat' dir='ltr'>a</span> <span class='ocrx_word' id='word_1_67' title='bbox 963 931 1051 993; x_wconf 87' lang='lat' dir='ltr'>casto</span> <span class='ocrx_word' id='word_1_68' title='bbox 1079 950 1180 1011; x_wconf 90' lang='lat' dir='ltr'>puro-</span> 
     </span>
     <span class='ocr_line' id='line_1_10' title="bbox 161 1017 1179 1100; baseline 0 -20"><span class='ocrx_word' id='word_1_69' title='bbox 161 1039 222 1100; x_wconf 91' lang='lat' dir='ltr'>que</span> <span class='ocrx_word' id='word_1_70' title='bbox 251 1038 383 1100; x_wconf 88' lang='lat' dir='ltr'>oorpore</span> <span class='ocrx_word' id='word_1_71' title='bbox 412 1017 587 1081; x_wconf 85' lang='lat' dir='ltr'>novissima</span> <span class='ocrx_word' id='word_1_72' title='bbox 618 1017 787 1081; x_wconf 85' lang='lat' dir='ltr'>sanct&#39;tate</span> <span class='ocrx_word' id='word_1_73' title='bbox 816 1017 928 1081; x_wconf 89' lang='lat' dir='ltr'>reiecit</span> <span class='ocrx_word' id='word_1_74' title='bbox 960 1017 1179 1099; x_wconf 90' lang='lat' dir='ltr'>omnibusque</span> 
     </span>
     <span class='ocr_line' id='line_1_11' title="bbox 160 1105 1218 1190; baseline -0.002 -22"><span class='ocrx_word' id='word_1_75' title='bbox 160 1106 301 1170; x_wconf 89' lang='lat' dir='ltr'>numeris</span> <span class='ocrx_word' id='word_1_76' title='bbox 324 1105 456 1189; x_wconf 89' lang='lat' dir='ltr'>pudoris</span> <span class='ocrx_word' id='word_1_77' title='bbox 485 1105 649 1189; x_wconf 68' lang='lat' dir='ltr'>‘reliqu</span> <span class='ocrx_word' id='word_1_78' title='bbox 676 1109 873 1189; x_wconf 81' lang='grc' dir='ltr'><strong><em>πρόνοιαν</em></strong></span> <span class='ocrx_word' id='word_1_79' title='bbox 895 1109 1010 1190; x_wconf 78' lang='grc' dir='ltr'><em>ἔσχεν</em></span> <span class='ocrx_word' id='word_1_80' title='bbox 1038 1105 1179 1189; x_wconf 82' lang='grc' dir='ltr'><em>εὐσχή-</em></span> <span class='ocrx_word' id='word_1_81' title='bbox 1195 1129 1218 1167; x_wconf 83' lang='grc'>11</span> 
     </span>
    </p>

    <p class='ocr_par' dir='ltr' id='par_1_4' title="bbox 108 1192 1179 1369">
     <span class='ocr_line' id='line_1_12' title="bbox 108 1192 1179 1278; baseline 0 -20"><span class='ocrx_word' id='word_1_82' title='bbox 108 1211 141 1258; x_wconf 89' lang='lat'>10</span> <span class='ocrx_word' id='word_1_83' title='bbox 160 1218 240 1274; x_wconf 86' lang='grc' dir='ltr'>μων</span> <span class='ocrx_word' id='word_1_84' title='bbox 263 1194 419 1259; x_wconf 60' lang='grc' dir='ltr'><strong><em>πεσεῖν]</em></strong></span> <span class='ocrx_word' id='word_1_85' title='bbox 464 1192 633 1259; x_wconf 90' lang='lat' dir='ltr'>Praeterea</span> <span class='ocrx_word' id='word_1_86' title='bbox 662 1192 761 1277; x_wconf 78' lang='lat' dir='ltr'>Celer,</span> <span class='ocrx_word' id='word_1_87' title='bbox 792 1216 888 1278; x_wconf 82' lang='lat' dir='ltr'>eques</span> <span class='ocrx_word' id='word_1_88' title='bbox 918 1193 1094 1277; x_wconf 82' lang='lat' dir='ltr'>Romanus,</span> <span class='ocrx_word' id='word_1_89' title='bbox 1122 1197 1179 1258; x_wconf 89' lang='lat' dir='ltr'>oui</span> 
     </span>
     <span class='ocr_line' id='line_1_13' title="bbox 161 1281 1179 1369; baseline 0.001 -23"><span class='ocrx_word' id='word_1_90' title='bbox 161 1281 308 1347; x_wconf 82' lang='lat' dir='ltr'>Cornelia</span> <span class='ocrx_word' id='word_1_91' title='bbox 332 1283 539 1366; x_wconf 91' lang='lat' dir='ltr'>obiciebatur,</span> <span class='ocrx_word' id='word_1_92' title='bbox 563 1305 636 1347; x_wconf 91' lang='lat' dir='ltr'>cum</span> <span class='ocrx_word' id='word_1_93' title='bbox 656 1284 690 1346; x_wconf 90' lang='lat' dir='ltr'>in</span> <span class='ocrx_word' id='word_1_94' title='bbox 709 1285 840 1348; x_wconf 90' lang='lat' dir='ltr'>comitio</span> <span class='ocrx_word' id='word_1_95' title='bbox 862 1284 961 1369; x_wconf 81' lang='lat' dir='ltr'>virgis</span> <span class='ocrx_word' id='word_1_96' title='bbox 981 1284 1179 1367; x_wconf 80' lang='lat' dir='ltr'>caederetur,</span> 
     </span>
    </p>

    <p class='ocr_par' dir='ltr' id='par_1_5' title="bbox 109 1370 1216 1814">
     <span class='ocr_line' id='line_1_14' title="bbox 109 1370 1179 1455; baseline 0 -20"><span class='ocrx_word' id='word_1_97' title='bbox 109 1377 140 1435; x_wconf 75' lang='lat'>11&#39;</span> <span class='ocrx_word' id='word_1_98' title='bbox 161 1373 195 1435; x_wconf 93' lang='lat' dir='ltr'>in</span> <span class='ocrx_word' id='word_1_99' title='bbox 217 1371 278 1436; x_wconf 89' lang='lat' dir='ltr'>hac</span> <span class='ocrx_word' id='word_1_100' title='bbox 300 1393 379 1436; x_wconf 85' lang='lat' dir='ltr'>voce</span> <span class='ocrx_word' id='word_1_101' title='bbox 402 1375 604 1455; x_wconf 87' lang='lat' dir='ltr'>persteterat:</span> <span class='ocrx_word' id='word_1_102' title='bbox 642 1371 742 1448; x_wconf 70' lang='lat' dir='ltr'>‘Quid</span> <span class='ocrx_word' id='word_1_103' title='bbox 768 1373 853 1437; x_wconf 83' lang='lat' dir='ltr'>feci?</span> <span class='ocrx_word' id='word_1_104' title='bbox 881 1372 964 1437; x_wconf 91' lang='lat' dir='ltr'>nihil</span> <span class='ocrx_word' id='word_1_105' title='bbox 988 1373 1073 1436; x_wconf 84' lang='lat' dir='ltr'>feci&#39;</span> <span class='ocrx_word' id='word_1_106' title='bbox 1114 1370 1179 1436; x_wconf 84' lang='lat' dir='ltr'>Ar-</span> 
     </span>
     <span class='ocr_line' id='line_1_15' title="bbox 160 1459 1177 1546; baseline 0.003 -23"><span class='ocrx_word' id='word_1_107' title='bbox 160 1460 256 1524; x_wconf 87' lang='lat' dir='ltr'>debat</span> <span class='ocrx_word' id='word_1_108' title='bbox 288 1483 364 1546; x_wconf 90' lang='lat' dir='ltr'>ergo</span> <span class='ocrx_word' id='word_1_109' title='bbox 397 1459 602 1525; x_wconf 89' lang='lat' dir='ltr'>Domitianus</span> <span class='ocrx_word' id='word_1_110' title='bbox 634 1464 667 1524; x_wconf 87' lang='lat' dir='ltr'>et</span> <span class='ocrx_word' id='word_1_111' title='bbox 698 1461 896 1526; x_wconf 88' lang='lat' dir='ltr'>crudelitatis</span> <span class='ocrx_word' id='word_1_112' title='bbox 929 1466 961 1526; x_wconf 87' lang='lat' dir='ltr'>et</span> <span class='ocrx_word' id='word_1_113' title='bbox 992 1463 1177 1545; x_wconf 87' lang='lat' dir='ltr'>iniquitatis</span> 
     </span>
     <span class='ocr_line' id='line_1_16' title="bbox 160 1548 1216 1636; baseline 0 -24"><span class='ocrx_word' id='word_1_114' title='bbox 160 1550 300 1612; x_wconf 80' lang='lat' dir='ltr'>infamia.</span> <span class='ocrx_word' id='word_1_115' title='bbox 345 1548 470 1632; x_wconf 87' lang='lat' dir='ltr'>Arripit</span> <span class='ocrx_word' id='word_1_116' title='bbox 492 1549 703 1633; x_wconf 87' lang='lat' dir='ltr'>Licinianum,</span> <span class='ocrx_word' id='word_1_117' title='bbox 722 1550 809 1633; x_wconf 91' lang='lat' dir='ltr'>quod</span> <span class='ocrx_word' id='word_1_118' title='bbox 827 1551 862 1614; x_wconf 92' lang='lat' dir='ltr'>in</span> <span class='ocrx_word' id='word_1_119' title='bbox 879 1551 965 1636; x_wconf 86' lang='lat' dir='ltr'>agris</span> <span class='ocrx_word' id='word_1_120' title='bbox 984 1552 1050 1614; x_wconf 93' lang='lat' dir='ltr'>suis</span> <span class='ocrx_word' id='word_1_121' title='bbox 1069 1553 1178 1614; x_wconf 91' lang='lat' dir='ltr'>occul·</span> <span class='ocrx_word' id='word_1_122' title='bbox 1193 1573 1216 1612; x_wconf 76' lang='grc'>11</span> 
     </span>
     <span class='ocr_line' id='line_1_17' title="bbox 160 1635 1177 1723; baseline 0.003 -23"><span class='ocrx_word' id='word_1_123' title='bbox 160 1641 260 1701; x_wconf 85' lang='lat' dir='ltr'>tasset</span> <span class='ocrx_word' id='word_1_124' title='bbox 278 1635 445 1701; x_wconf 82' lang='lat' dir='ltr'>Corneliae</span> <span class='ocrx_word' id='word_1_125' title='bbox 463 1639 621 1702; x_wconf 86' lang='lat' dir='ltr'>libertam.</span> <span class='ocrx_word' id='word_1_126' title='bbox 652 1636 711 1702; x_wconf 92' lang='lat' dir='ltr'>Ille</span> <span class='ocrx_word' id='word_1_127' title='bbox 728 1639 768 1702; x_wconf 85' lang='lat' dir='ltr'>ab</span> <span class='ocrx_word' id='word_1_128' title='bbox 788 1640 837 1722; x_wconf 87' lang='lat' dir='ltr'>iis,</span> <span class='ocrx_word' id='word_1_129' title='bbox 852 1641 969 1723; x_wconf 89' lang='lat' dir='ltr'>quibus</span> <span class='ocrx_word' id='word_1_130' title='bbox 983 1643 1052 1703; x_wconf 91' lang='lat' dir='ltr'>erat</span> <span class='ocrx_word' id='word_1_131' title='bbox 1070 1660 1177 1722; x_wconf 87' lang='lat' dir='ltr'>curae,</span> 
     </span>
     <span class='ocr_line' id='line_1_18' title="bbox 159 1728 1178 1814; baseline 0.001 -25"><span class='ocrx_word' id='word_1_132' title='bbox 159 1729 394 1810; x_wconf 88' lang='lat' dir='ltr'>praemonetur,</span> <span class='ocrx_word' id='word_1_133' title='bbox 427 1728 455 1790; x_wconf 93' lang='lat' dir='ltr'>si</span> <span class='ocrx_word' id='word_1_134' title='bbox 487 1728 654 1791; x_wconf 89' lang='lat' dir='ltr'>comitium</span> <span class='ocrx_word' id='word_1_135' title='bbox 687 1731 719 1792; x_wconf 92' lang='lat' dir='ltr'>et</span> <span class='ocrx_word' id='word_1_136' title='bbox 750 1728 858 1814; x_wconf 80' lang='lat' dir='ltr'>virgas</span> <span class='ocrx_word' id='word_1_137' title='bbox 890 1729 959 1812; x_wconf 89' lang='lat' dir='ltr'>pati</span> <span class='ocrx_word' id='word_1_138' title='bbox 990 1730 1101 1810; x_wconf 88' lang='lat' dir='ltr'>nollet,</span> <span class='ocrx_word' id='word_1_139' title='bbox 1134 1729 1178 1791; x_wconf 87' lang='lat' dir='ltr'>ad</span> 
     </span>
    </p>

    <p class='ocr_par' dir='ltr' id='par_1_6' title="bbox 108 1815 1177 1988">
     <span class='ocr_line' id='line_1_19' title="bbox 108 1815 1177 1901; baseline 0.003 -23"><span class='ocrx_word' id='word_1_140' title='bbox 108 1831 140 1878; x_wconf 78' lang='lat'>12</span> <span class='ocrx_word' id='word_1_141' title='bbox 161 1815 393 1879; x_wconf 85' lang='lat' dir='ltr'>confessionem</span> <span class='ocrx_word' id='word_1_142' title='bbox 417 1816 604 1901; x_wconf 83' lang='lat' dir='ltr'>confugeret</span> <span class='ocrx_word' id='word_1_143' title='bbox 632 1817 724 1900; x_wconf 86' lang='lat' dir='ltr'>quasi</span> <span class='ocrx_word' id='word_1_144' title='bbox 751 1816 791 1880; x_wconf 93' lang='lat' dir='ltr'>ad</span> <span class='ocrx_word' id='word_1_145' title='bbox 818 1817 959 1900; x_wconf 83' lang='lat' dir='ltr'>veniam3</span> <span class='ocrx_word' id='word_1_146' title='bbox 985 1817 1071 1880; x_wconf 91' lang='lat' dir='ltr'>fecit.</span> <span class='ocrx_word' id='word_1_147' title='bbox 1113 1816 1177 1881; x_wconf 91' lang='lat' dir='ltr'>Lo-</span> 
     </span>
     <span class='ocr_line' id='line_1_20' title="bbox 161 1903 1177 1988; baseline 0.003 -22"><span class='ocrx_word' id='word_1_148' title='bbox 161 1906 253 1967; x_wconf 87' lang='lat' dir='ltr'>cutus</span> <span class='ocrx_word' id='word_1_149' title='bbox 277 1907 326 1968; x_wconf 88' lang='lat' dir='ltr'>est</span> <span class='ocrx_word' id='word_1_150' title='bbox 344 1925 402 1987; x_wconf 89' lang='lat' dir='ltr'>pro</span> <span class='ocrx_word' id='word_1_151' title='bbox 422 1905 553 1969; x_wconf 81' lang='lat' dir='ltr'>absente</span> <span class='ocrx_word' id='word_1_152' title='bbox 571 1904 751 1970; x_wconf 88' lang='lat' dir='ltr'>Herennius</span> <span class='ocrx_word' id='word_1_153' title='bbox 772 1903 904 1970; x_wconf 82' lang='lat' dir='ltr'>Senecio</span> <span class='ocrx_word' id='word_1_154' title='bbox 929 1907 992 1969; x_wconf 89' lang='lat' dir='ltr'>tale</span> <span class='ocrx_word' id='word_1_155' title='bbox 1012 1905 1177 1988; x_wconf 88' lang='lat' dir='ltr'>quiddam,</span> 
     </span>
    </p>
   </div>
   <div class='ocr_carea' id='block_1_3' title="bbox 108 2082 1215 3318">
    <p class='ocr_par' dir='ltr' id='par_1_7' title="bbox 160 2082 1176 2167">
     <span class='ocr_line' id='line_1_21' title="bbox 160 2082 1176 2167; baseline 0.003 -24"><span class='ocrx_word' id='word_1_156' title='bbox 160 2082 315 2146; x_wconf 80' lang='lat' dir='ltr'>advocato</span> <span class='ocrx_word' id='word_1_157' title='bbox 353 2083 485 2147; x_wconf 90' lang='lat' dir='ltr'>nuntius</span> <span class='ocrx_word' id='word_1_158' title='bbox 526 2083 630 2147; x_wconf 84' lang='lat' dir='ltr'>factus</span> <span class='ocrx_word' id='word_1_159' title='bbox 670 2105 754 2167; x_wconf 82' lang='lat' dir='ltr'>sum3</span> <span class='ocrx_word' id='word_1_160' title='bbox 794 2083 980 2148; x_wconf 84' lang='lat' dir='ltr'>Licinianus</span> <span class='ocrx_word' id='word_1_161' title='bbox 1020 2083 1176 2148; x_wconf 64' lang='lat' dir='ltr'>recessit?</span> 
     </span>
    </p>

    <p class='ocr_par' dir='ltr' id='par_1_8' title="bbox 108 2167 1215 2611">
     <span class='ocr_line' id='line_1_22' title="bbox 108 2167 1176 2258; baseline 0.003 -25"><span class='ocrx_word' id='word_1_162' title='bbox 108 2185 141 2233; x_wconf 82' lang='lat'>13</span> <span class='ocrx_word' id='word_1_163' title='bbox 162 2167 295 2234; x_wconf 77' lang='lat' dir='ltr'>Gratum</span> <span class='ocrx_word' id='word_1_164' title='bbox 318 2170 380 2235; x_wconf 93' lang='lat' dir='ltr'>hoc</span> <span class='ocrx_word' id='word_1_165' title='bbox 402 2171 589 2236; x_wconf 89' lang='lat' dir='ltr'>Domitiano</span> <span class='ocrx_word' id='word_1_166' title='bbox 618 2171 696 2236; x_wconf 93' lang='lat' dir='ltr'>adeo</span> <span class='ocrx_word' id='word_1_167' title='bbox 725 2172 864 2256; x_wconf 90' lang='lat' dir='ltr'>quidem,</span> <span class='ocrx_word' id='word_1_168' title='bbox 891 2176 929 2236; x_wconf 92' lang='lat' dir='ltr'>ut</span> <span class='ocrx_word' id='word_1_169' title='bbox 956 2172 1073 2258; x_wconf 89' lang='lat' dir='ltr'>gaudio</span> <span class='ocrx_word' id='word_1_170' title='bbox 1102 2194 1176 2254; x_wconf 90' lang='lat' dir='ltr'>pro-</span> 
     </span>
     <span class='ocr_line' id='line_1_23' title="bbox 162 2258 1177 2344; baseline 0.002 -23"><span class='ocrx_word' id='word_1_171' title='bbox 162 2258 290 2322; x_wconf 89' lang='lat' dir='ltr'>deretur</span> <span class='ocrx_word' id='word_1_172' title='bbox 312 2259 508 2344; x_wconf 88' lang='lat' dir='ltr'>diceretque:</span> <span class='ocrx_word' id='word_1_173' title='bbox 541 2258 708 2324; x_wconf 69' lang='lat' dir='ltr'>‘Absolvit</span> <span class='ocrx_word' id='word_1_174' title='bbox 725 2282 785 2325; x_wconf 91' lang='lat' dir='ltr'>nos</span> <span class='ocrx_word' id='word_1_175' title='bbox 802 2260 1009 2326; x_wconf 66' lang='lat' dir='ltr'>Licinianus?</span> <span class='ocrx_word' id='word_1_176' title='bbox 1044 2258 1177 2325; x_wconf 84' lang='lat' dir='ltr'>Adiecit</span> 
     </span>
     <span class='ocr_line' id='line_1_24' title="bbox 162 2348 1175 2433; baseline 0.002 -23"><span class='ocrx_word' id='word_1_177' title='bbox 162 2348 258 2411; x_wconf 88' lang='lat' dir='ltr'>etiam</span> <span class='ocrx_word' id='word_1_178' title='bbox 282 2370 348 2412; x_wconf 94' lang='lat' dir='ltr'>non</span> <span class='ocrx_word' id='word_1_179' title='bbox 371 2370 439 2413; x_wconf 90' lang='lat' dir='ltr'>esse</span> <span class='ocrx_word' id='word_1_180' title='bbox 462 2348 670 2413; x_wconf 84' lang='lat' dir='ltr'>verecundiae</span> <span class='ocrx_word' id='word_1_181' title='bbox 694 2350 762 2414; x_wconf 91' lang='lat' dir='ltr'>eius</span> <span class='ocrx_word' id='word_1_182' title='bbox 785 2350 984 2433; x_wconf 81' lang='lat' dir='ltr'>instandum3</span> <span class='ocrx_word' id='word_1_183' title='bbox 1011 2350 1073 2433; x_wconf 81' lang='lat' dir='ltr'>ipsi</span> <span class='ocrx_word' id='word_1_184' title='bbox 1097 2371 1175 2414; x_wconf 81' lang='lat' dir='ltr'>vero</span> 
     </span>
     <span class='ocr_line' id='line_1_25' title="bbox 161 2437 1215 2522; baseline -0.002 -21"><span class='ocrx_word' id='word_1_185' title='bbox 161 2437 316 2521; x_wconf 88' lang='lat' dir='ltr'>permisit,</span> <span class='ocrx_word' id='word_1_186' title='bbox 346 2438 374 2501; x_wconf 88' lang='lat' dir='ltr'>si</span> <span class='ocrx_word' id='word_1_187' title='bbox 404 2460 467 2520; x_wconf 89' lang='lat' dir='ltr'>qua</span> <span class='ocrx_word' id='word_1_188' title='bbox 497 2441 615 2521; x_wconf 88' lang='lat' dir='ltr'>posset,</span> <span class='ocrx_word' id='word_1_189' title='bbox 645 2461 684 2502; x_wconf 88' lang='lat' dir='ltr'>ex</span> <span class='ocrx_word' id='word_1_190' title='bbox 713 2439 809 2503; x_wconf 90' lang='lat' dir='ltr'>rebus</span> <span class='ocrx_word' id='word_1_191' title='bbox 839 2440 905 2504; x_wconf 79' lang='lat' dir='ltr'>suis</span> <span class='ocrx_word' id='word_1_192' title='bbox 934 2442 1069 2522; x_wconf 87' lang='lat' dir='ltr'>raperet,</span> <span class='ocrx_word' id='word_1_193' title='bbox 1099 2443 1175 2502; x_wconf 86' lang='lat' dir='ltr'>ante</span> <span class='ocrx_word' id='word_1_194' title='bbox 1190 2461 1215 2498; x_wconf 78' lang='grc'>11</span> 
     </span>
     <span class='ocr_line' id='line_1_26' title="bbox 162 2526 1175 2611; baseline 0.002 -22"><span class='ocrx_word' id='word_1_195' title='bbox 162 2548 258 2609; x_wconf 89' lang='lat' dir='ltr'>quam</span> <span class='ocrx_word' id='word_1_196' title='bbox 278 2526 362 2590; x_wconf 90' lang='lat' dir='ltr'>bona</span> <span class='ocrx_word' id='word_1_197' title='bbox 380 2526 629 2610; x_wconf 82' lang='lat' dir='ltr'>publicarentur,</span> <span class='ocrx_word' id='word_1_198' title='bbox 648 2528 843 2610; x_wconf 88' lang='lat' dir='ltr'>exiliumque</span> <span class='ocrx_word' id='word_1_199' title='bbox 862 2529 959 2592; x_wconf 90' lang='lat' dir='ltr'>molle</span> <span class='ocrx_word' id='word_1_200' title='bbox 978 2529 1067 2591; x_wconf 82' lang='lat' dir='ltr'>velut</span> <span class='ocrx_word' id='word_1_201' title='bbox 1084 2550 1175 2611; x_wconf 87' lang='lat' dir='ltr'>prae-</span> 
     </span>
    </p>

    <p class='ocr_par' dir='ltr' id='par_1_9' title="bbox 109 2614 1176 2876">
     <span class='ocr_line' id='line_1_27' title="bbox 109 2614 1176 2699; baseline 0.002 -22"><span class='ocrx_word' id='word_1_202' title='bbox 109 2631 142 2677; x_wconf 85' lang='lat'>14</span> <span class='ocrx_word' id='word_1_203' title='bbox 161 2616 263 2678; x_wconf 92' lang='lat' dir='ltr'>mium</span> <span class='ocrx_word' id='word_1_204' title='bbox 296 2614 392 2678; x_wconf 92' lang='lat' dir='ltr'>dedit.</span> <span class='ocrx_word' id='word_1_205' title='bbox 442 2614 494 2678; x_wconf 81' lang='lat' dir='ltr'>Ex</span> <span class='ocrx_word' id='word_1_206' title='bbox 526 2637 589 2698; x_wconf 91' lang='lat' dir='ltr'>quo</span> <span class='ocrx_word' id='word_1_207' title='bbox 623 2619 731 2679; x_wconf 89' lang='lat' dir='ltr'>tamen</span> <span class='ocrx_word' id='word_1_208' title='bbox 762 2619 874 2699; x_wconf 87' lang='lat' dir='ltr'>postea</span> <span class='ocrx_word' id='word_1_209' title='bbox 906 2617 1075 2681; x_wconf 86' lang='lat' dir='ltr'>clementia</span> <span class='ocrx_word' id='word_1_210' title='bbox 1108 2616 1176 2679; x_wconf 86' lang='lat' dir='ltr'>divi</span> 
     </span>
     <span class='ocr_line' id='line_1_28' title="bbox 160 2702 1175 2789; baseline 0.001 -22"><span class='ocrx_word' id='word_1_211' title='bbox 160 2702 286 2768; x_wconf 82' lang='lat' dir='ltr'>Nervae</span> <span class='ocrx_word' id='word_1_212' title='bbox 310 2705 484 2768; x_wconf 85' lang='lat' dir='ltr'>translatus</span> <span class='ocrx_word' id='word_1_213' title='bbox 507 2708 556 2768; x_wconf 90' lang='lat' dir='ltr'>est</span> <span class='ocrx_word' id='word_1_214' title='bbox 579 2706 613 2767; x_wconf 89' lang='lat' dir='ltr'>in</span> <span class='ocrx_word' id='word_1_215' title='bbox 636 2703 788 2788; x_wconf 85' lang='lat' dir='ltr'>Siciliam,</span> <span class='ocrx_word' id='word_1_216' title='bbox 816 2705 873 2768; x_wconf 91' lang='lat' dir='ltr'>ubi</span> <span class='ocrx_word' id='word_1_217' title='bbox 895 2726 981 2769; x_wconf 89' lang='lat' dir='ltr'>nunc</span> <span class='ocrx_word' id='word_1_218' title='bbox 1003 2705 1175 2789; x_wconf 91' lang='lat' dir='ltr'>profitetur</span> 
     </span>
     <span class='ocr_line' id='line_1_29' title="bbox 162 2792 920 2876; baseline 0.001 -20"><span class='ocrx_word' id='word_1_219' title='bbox 162 2814 258 2876; x_wconf 89' lang='lat' dir='ltr'>seque</span> <span class='ocrx_word' id='word_1_220' title='bbox 282 2792 320 2855; x_wconf 92' lang='lat' dir='ltr'>de</span> <span class='ocrx_word' id='word_1_221' title='bbox 342 2793 473 2857; x_wconf 85' lang='lat' dir='ltr'>fortuna</span> <span class='ocrx_word' id='word_1_222' title='bbox 495 2794 747 2876; x_wconf 88' lang='lat' dir='ltr'>praefationibus</span> <span class='ocrx_word' id='word_1_223' title='bbox 770 2794 920 2858; x_wconf 80' lang='lat' dir='ltr'>vindicet.</span> 
     </span>
    </p>

    <p class='ocr_par' dir='ltr' id='par_1_10' title="bbox 111 2880 1215 3318">
     <span class='ocr_line' id='line_1_30' title="bbox 111 2880 1215 2966; baseline 0 -24"><span class='ocrx_word' id='word_1_224' title='bbox 111 2897 143 2942; x_wconf 83' lang='lat'>15</span> <span class='ocrx_word' id='word_1_225' title='bbox 229 2880 337 2965; x_wconf 87' lang='lat' dir='ltr'>Vides,</span> <span class='ocrx_word' id='word_1_226' title='bbox 359 2904 455 2964; x_wconf 90' lang='lat' dir='ltr'>quam</span> <span class='ocrx_word' id='word_1_227' title='bbox 479 2882 692 2965; x_wconf 90' lang='lat' dir='ltr'>obsequenter</span> <span class='ocrx_word' id='word_1_228' title='bbox 713 2905 843 2966; x_wconf 87' lang='lat' dir='ltr'>paream</span> <span class='ocrx_word' id='word_1_229' title='bbox 866 2883 936 2966; x_wconf 93' lang='lat' dir='ltr'>tibi,</span> <span class='ocrx_word' id='word_1_230' title='bbox 961 2884 1017 2966; x_wconf 90' lang='lat' dir='ltr'>qui</span> <span class='ocrx_word' id='word_1_231' title='bbox 1038 2904 1106 2946; x_wconf 95' lang='lat' dir='ltr'>non</span> <span class='ocrx_word' id='word_1_232' title='bbox 1123 2904 1174 2947; x_wconf 89' lang='lat' dir='ltr'>so·</span> <span class='ocrx_word' id='word_1_233' title='bbox 1189 2905 1215 2943; x_wconf 82' lang='lat' dir='ltr'>eo</span> 
     </span>
     <span class='ocr_line' id='line_1_31' title="bbox 161 2970 1174 3058; baseline 0.003 -26"><span class='ocrx_word' id='word_1_234' title='bbox 161 2970 229 3032; x_wconf 92' lang='lat' dir='ltr'>lum</span> <span class='ocrx_word' id='word_1_235' title='bbox 251 2992 302 3034; x_wconf 86' lang='grc'>111</span> <span class='ocrx_word' id='word_1_236' title='bbox 326 2971 473 3054; x_wconf 86' lang='lat' dir='ltr'>urbanas,</span> <span class='ocrx_word' id='word_1_237' title='bbox 496 2993 607 3035; x_wconf 86' lang='grc'>11111111</span> <span class='ocrx_word' id='word_1_238' title='bbox 631 2973 728 3035; x_wconf 92' lang='lat' dir='ltr'>etiam</span> <span class='ocrx_word' id='word_1_239' title='bbox 755 2973 939 3058; x_wconf 86' lang='lat' dir='ltr'>peregrinas</span> <span class='ocrx_word' id='word_1_240' title='bbox 967 2976 1032 3036; x_wconf 87' lang='lat' dir='ltr'>tam</span> <span class='ocrx_word' id='word_1_241' title='bbox 1060 2972 1174 3036; x_wconf 92' lang='lat' dir='ltr'>sedulo</span> 
     </span>
     <span class='ocr_line' id='line_1_32' title="bbox 162 3058 1174 3144; baseline 0 -22"><span class='ocrx_word' id='word_1_242' title='bbox 162 3058 277 3141; x_wconf 88' lang='lat' dir='ltr'>scribo,</span> <span class='ocrx_word' id='word_1_243' title='bbox 300 3063 337 3122; x_wconf 91' lang='lat' dir='ltr'>ut</span> <span class='ocrx_word' id='word_1_244' title='bbox 360 3060 456 3124; x_wconf 89' lang='lat' dir='ltr'>altius</span> <span class='ocrx_word' id='word_1_245' title='bbox 484 3063 634 3143; x_wconf 87' lang='lat' dir='ltr'>repetam.</span> <span class='ocrx_word' id='word_1_246' title='bbox 671 3059 716 3124; x_wconf 81' lang='lat' dir='ltr'>Et</span> <span class='ocrx_word' id='word_1_247' title='bbox 744 3082 818 3125; x_wconf 86' lang='lat' dir='ltr'>sane</span> <span class='ocrx_word' id='word_1_248' title='bbox 845 3062 999 3144; x_wconf 84' lang='lat' dir='ltr'>putabam</span> <span class='ocrx_word' id='word_1_249' title='bbox 1027 3064 1068 3143; x_wconf 88' lang='lat' dir='ltr'>te,</span> <span class='ocrx_word' id='word_1_250' title='bbox 1097 3062 1174 3143; x_wconf 87' lang='lat' dir='ltr'>quia</span> 
     </span>
     <span class='ocr_line' id='line_1_33' title="bbox 161 3147 1174 3232; baseline 0.003 -23"><span class='ocrx_word' id='word_1_251' title='bbox 161 3150 239 3210; x_wconf 90' lang='lat' dir='ltr'>tunc</span> <span class='ocrx_word' id='word_1_252' title='bbox 262 3147 380 3231; x_wconf 87' lang='lat' dir='ltr'>afuisti,</span> <span class='ocrx_word' id='word_1_253' title='bbox 402 3148 485 3212; x_wconf 86' lang='lat' dir='ltr'>nihil</span> <span class='ocrx_word' id='word_1_254' title='bbox 507 3149 595 3213; x_wconf 91' lang='lat' dir='ltr'>aliud</span> <span class='ocrx_word' id='word_1_255' title='bbox 619 3148 657 3213; x_wconf 90' lang='lat' dir='ltr'>de</span> <span class='ocrx_word' id='word_1_256' title='bbox 674 3148 840 3213; x_wconf 88' lang='lat' dir='ltr'>Liciniano</span> <span class='ocrx_word' id='word_1_257' title='bbox 865 3150 990 3214; x_wconf 87' lang='lat' dir='ltr'>audisse</span> <span class='ocrx_word' id='word_1_258' title='bbox 1010 3171 1174 3232; x_wconf 67' lang='grc'>(111111111-</span> 
     </span>
     <span class='ocr_line' id='line_1_34' title="bbox 161 3235 1173 3318; baseline 0.004 -21"><span class='ocrx_word' id='word_1_259' title='bbox 161 3237 304 3318; x_wconf 88' lang='lat' dir='ltr'>legatum</span> <span class='ocrx_word' id='word_1_260' title='bbox 327 3236 368 3299; x_wconf 93' lang='lat' dir='ltr'>ob</span> <span class='ocrx_word' id='word_1_261' title='bbox 393 3238 558 3301; x_wconf 91' lang='lat' dir='ltr'>incestum.</span> <span class='ocrx_word' id='word_1_262' title='bbox 605 3235 769 3301; x_wconf 82' lang='lat' dir='ltr'>Summam</span> <span class='ocrx_word' id='word_1_263' title='bbox 797 3239 882 3301; x_wconf 89' lang='lat' dir='ltr'>enim</span> <span class='ocrx_word' id='word_1_264' title='bbox 909 3261 1016 3302; x_wconf 87' lang='lat' dir='ltr'>rerum</span> <span class='ocrx_word' id='word_1_265' title='bbox 1043 3239 1173 3302; x_wconf 82' lang='lat' dir='ltr'>nuntiat</span> 
     </span>
    </p>
   </div>
   <div class='ocr_carea' id='block_1_4' title="bbox 161 3344 1173 3583">
    <p class='ocr_par' dir='ltr' id='par_1_11' title="bbox 161 3344 1173 3583">
     <span class='ocr_line' id='line_1_35' title="bbox 161 3344 1172 3446; baseline 0.008 -24"><span class='ocrx_word' id='word_1_266' title='bbox 161 3344 201 3349; x_wconf 31' lang='grc' dir='ltr'><strong><em>ἐ</em></strong></span> <span class='ocrx_word' id='word_1_267' title='bbox 234 3377 249 3423; x_wconf 81' lang='lat'>5</span> <span class='ocrx_word' id='word_1_268' title='bbox 269 3344 427 3426; x_wconf 51' lang='lat' dir='ltr'>efficulum</span> <span class='ocrx_word' id='word_1_269' title='bbox 447 3375 551 3443; x_wconf 83' lang='lat' dir='ltr'>Fpra,</span> <span class='ocrx_word' id='word_1_270' title='bbox 573 3376 1172 3446; x_wconf 60' lang='grc' dir='ltr'>0111129911,1111.Μ71),Κ.(ἀ1“.ςρ.19).</span> 
     </span>
     <span class='ocr_line' id='line_1_36' title="bbox 163 3440 1173 3516; baseline 0.008 -23"><span class='ocrx_word' id='word_1_271' title='bbox 163 3447 178 3494; x_wconf 80' lang='lat'>7</span> <span class='ocrx_word' id='word_1_272' title='bbox 198 3440 322 3494; x_wconf 82' lang='lat' dir='ltr'>carnifex</span> <span class='ocrx_word' id='word_1_273' title='bbox 340 3460 454 3497; x_wconf 87' lang='lat' dir='ltr'>manum</span> <span class='ocrx_word' id='word_1_274' title='bbox 472 3447 573 3513; x_wconf 83' lang='lat' dir='ltr'>Fpra.</span> <span class='ocrx_word' id='word_1_275' title='bbox 647 3450 663 3498; x_wconf 88' lang='lat'><em>8</em></span> <span class='ocrx_word' id='word_1_276' title='bbox 682 3447 844 3516; x_wconf 84' lang='lat' dir='ltr'>contagium</span> <span class='ocrx_word' id='word_1_277' title='bbox 862 3449 893 3501; x_wconf 81' lang='lat' dir='ltr'><em>F</em></span> <span class='ocrx_word' id='word_1_278' title='bbox 901 3449 976 3504; x_wconf 83' lang='lat' dir='ltr'>Riec.</span> <span class='ocrx_word' id='word_1_279' title='bbox 986 3467 1013 3513; x_wconf 87' lang='lat' dir='ltr'>a,</span> <span class='ocrx_word' id='word_1_280' title='bbox 1035 3448 1096 3502; x_wconf 86' lang='lat' dir='ltr'>Otto</span> <span class='ocrx_word' id='word_1_281' title='bbox 1111 3453 1173 3511; x_wconf 85' lang='lat'>300,</span> 
     </span>
     <span class='ocr_line' id='line_1_37' title="bbox 163 3514 1173 3583; baseline 0.009 -19"><span class='ocrx_word' id='word_1_282' title='bbox 163 3514 323 3564; x_wconf 86' lang='lat' dir='ltr'>contactum</span> <span class='ocrx_word' id='word_1_283' title='bbox 338 3515 375 3566; x_wconf 82' lang='lat' dir='ltr'><em>M</em></span> <span class='ocrx_word' id='word_1_284' title='bbox 384 3515 491 3583; x_wconf 82' lang='lat' dir='ltr'>VDpr,</span> <span class='ocrx_word' id='word_1_285' title='bbox 506 3517 544 3569; x_wconf 90' lang='lat' dir='ltr'>K.</span> <span class='ocrx_word' id='word_1_286' title='bbox 618 3521 651 3568; x_wconf 91' lang='lat'>10</span> <span class='ocrx_word' id='word_1_287' title='bbox 665 3517 736 3571; x_wconf 78' lang='lat' dir='ltr'>Eur.</span> <span class='ocrx_word' id='word_1_288' title='bbox 752 3517 819 3572; x_wconf 88' lang='lat' dir='ltr'>Heo.</span> <span class='ocrx_word' id='word_1_289' title='bbox 830 3522 890 3573; x_wconf 87' lang='grc'><strong><em>569.</em></strong></span> <span class='ocrx_word' id='word_1_290' title='bbox 959 3524 993 3572; x_wconf 76' lang='lat'>20</span> <span class='ocrx_word' id='word_1_291' title='bbox 1008 3520 1080 3573; x_wconf 85' lang='lat' dir='ltr'>Hom</span> <span class='ocrx_word' id='word_1_292' title='bbox 1092 3522 1121 3573; x_wconf 91' lang='grc' dir='ltr'><em>Σ</em></span> <span class='ocrx_word' id='word_1_293' title='bbox 1127 3525 1173 3574; x_wconf 82' lang='lat'>20.</span> 
     </span>
    </p>
   </div>
   <div class='ocr_carea' id='block_1_5' title="bbox 0 0 1246 3938">
    <p class='ocr_par' dir='ltr' id='par_1_12' title="bbox 0 0 1246 3938">
     <span class='ocr_line' id='line_1_38' title="bbox 0 0 1246 3938; baseline 0 0"><span class='ocrx_word' id='word_1_294' title='bbox 0 0 1246 3938; x_wconf 95' lang='lat' dir='ltr'> </span> 
     </span>
    </p>
   </div>
  </div>
 </body>
</html>
