2480 3942
380 140 637 196 EPISTULARUM
656 146 769 196 81--86,
1021 139 1087 205 287

381 307 543 370 emur.
568 303 773 388 [amun]

269 409 298 458 O.
321 409 461 458 PLINIUS
486 410 639 458 TRAIANO
663 409 892 457 IMPRRATORI.

135 499 298 586 Rogatus,
325 500 467 583 domine,
494 521 513 564 a
539 498 773 565 Nicaeensibus
802 499 932 601 publice
959 521 1017 582 per
1044 521 1090 582 ea,

68 611 151 672 quae
174 588 318 654 mihiet
303 593 416 654 tsunt
444 593 477 653 et
499 588 619 653 debent
602 592 713 654 tesse
736 588 953 671 sanctissima,
984 589 1019 652 id
1042 591 1091 652 est

34 701 126 762 sper
149 678 371 743 aeternitatem
398 682 488 742 tuam
516 679 730 762 salutemque,
757 682 796 743 t
757 699 929 762 preces
952 699 1026 743 suas
1050 677 1091 741 ad

66 771 100 832 te
122 767 312 851 perferrem,
343 767 392 832 fas
414 788 481 831 non
503 768 616 850 putavi
643 787 762 852 negare
793 770 1025 850 acceptumque
1049 766 1090 830 ab

66 857 108 921 iis
131 855 279 920 libellum
302 856 379 920 huic
401 856 558 940 epistulae
580 856 680 920 iunxi.

376 1019 536 1081 ιιιιιιιιιι.
560 1015 780 1100 [amum]

416 1120 590 1169 TRAIANUS
613 1121 743 1170 PLINIO.

18 1240 47 1280 ιο
135 1209 378 1294 Nicaeensibus,
401 1210 457 1293 qui
475 1211 703 1278 intestatorum
725 1211 845 1275 civium
864 1231 995 1276 suorum
1015 1229 1090 1274 con-

65 1321 191 1365 cessam
215 1299 465 1364 vindicationem
488 1299 647 1364 bonorum
676 1323 695 1365 a
723 1300 797 1365 divo
821 1298 972 1386 Augusto
997 1299 1090 1363 adfir-

63 1392 172 1472 mant,
202 1387 332 1454 debebis
354 1408 468 1453 vacare
496 1389 669 1454 contractis
698 1389 850 1454 omnibus
879 1387 1026 1474 personis
1049 1388 1089 1452 ad

63 1478 154 1543 idem
173 1478 340 1564 negotium
359 1478 597 1562 pertinentibus
612 1477 764 1544 adhibitis
779 1476 892 1543 Virdio
909 1475 1089 1542 Gemellino

63 1571 99 1632 et
122 1565 313 1651 Epimacho,
335 1567 453 1631 liberto
477 1588 560 1650 meo,
582 1568 859 1650 procuratoribus,
881 1571 919 1631 ut
943 1566 1089 1632 aestima-

19 1686 46 1726 15
62 1657 110 1722 tis
144 1656 240 1721 etiam
273 1656 327 1739 iis,
357 1677 438 1739 quae
469 1660 581 1720 contra
613 1656 777 1740 dicuntur,
810 1657 897 1741 quod
929 1657 1088 1740 optimum
1121 1655 1123 1662 '

64 1744 278 1828 credideritis,
302 1745 459 1810 statuetis.

433 1909 577 1969 ιιιιιιι.
603 1904 727 1990 [nvn]

273 2009 300 2058 C.
324 2011 464 2058 PLINIUS
489 2012 642 2059 TRAIANO
666 2011 892 2058 ΙΜΡΕΒΑΤΟΒῙ.

135 2099 323 2184 Maximum,
340 2099 495 2166 libertum
514 2105 547 2166 et
564 2105 808 2186 procuratorem
826 2105 929 2185 tuum,
951 2099 1089 2184 domine,

21 2220 48 2259 ιι
62 2211 125 2275 per
154 2211 248 2253 omne
275 2193 418 2273 tempus,
448 2211 512 2275 quo
535 2191 657 2256 fuimus
679 2213 758 2273 uua,
780 2189 919 2274 probum
943 2192 976 2254 et
997 2189 1089 2254 indu·

64 2279 186 2343 strium
210 2281 242 2341 et
266 2278 453 2365 diligentem
482 2299 519 2344 ac
547 2279 631 2344 sicut
658 2279 706 2344 rei
733 2282 808 2343 tuae
831 2277 1088 2343 amantissimum

61 2369 115 2432 ita
140 2367 327 2451 disciplinae
349 2368 591 2433 tenacissimum
615 2371 765 2452 expertus
784 2367 924 2432 libenter
947 2366 1033 2452 apud
1055 2370 1088 2432 te

63 2455 257 2521 testimonio
280 2477 460 2540 prosequor
483 2479 519 2522 ea
542 2457 614 2542 fide,
638 2479 735 2540 quam
759 2457 821 2522 tibi
846 2456 953 2521 debeo.

397 2621 550 2681 ιιιιιιιιι
559 2622 595 2681 A.
619 2616 760 2702 [xum]

19 2735 44 2774 so
268 2720 288 2769 C
325 2722 464 2775 PLINIUS
488 2723 641 2771 TRAIANO
665 2722 891 2772 IMPERATORI.

137 2809 272 2876 Gavium
286 2810 434 2898 Bassum,
457 2812 594 2897 domine,
616 2814 815 2897 praefectum
835 2834 909 2878 orae
923 2811 1087 2896 Ponticae,
1106 2831 1121 2878 1

59 2903 243 2986 integrum,
269 2901 418 2988 probum,
448 2901 646 2968 industrium
668 2906 766 2987 etque
794 2903 879 2966 inter
907 2902 971 2966 ista
999 2921 1086 2965 reve-

59 2989 287 3056 rentissimum
317 2991 381 3055 mei
413 2994 564 3075 expertus
595 2994 674 3056 voto
705 2991 830 3076 pariter
862 2994 895 3056 et
931 2989 1086 3075 suffragio

59 3100 246 3164 prosequor
269 3100 305 3144 ea
326 3079 399 3164 fide,
423 3102 519 3163 quam
542 3081 605 3146 tibi
628 3080 737 3145 debeo.

138 3296 171 3344 11
192 3289 246 3345 sibi
260 3289 362 3345 vindic.
378 3292 504 3345 Momm.
578 3295 612 3344 26
631 3289 752 3344 Gabium
766 3309 794 3357 a,
809 3290 847 3344 K.
853 3290 879 3357 1,
897 3287 1030 3344 Galbium
1043 3291 1080 3344 A.

60 3364 111 3420 Ad
118 3366 156 3418 21
168 3363 208 3418 ιἰι.
266 3367 299 3416 29
316 3361 423 3418 ‘Nooac
436 3363 568 3431 epistulae
581 3363 694 3417 initum
707 3368 776 3417 recte
789 3363 967 3418 constiterat
982 3361 1080 3417 Oetae.

60 3437 94 3490 in
108 3434 208 3504 prima
227 3434 359 3489 editioee’
379 3432 468 3502 ΚΠ,
488 3431 575 3487 debeo
595 3438 613 3501 †
631 3447 717 3502 quam
736 3449 770 3487 ea
788 3431 857 3488 K.I.
