2482 3942
343 504 379 578 c.
407 506 540 578 emm
568 506 756 580 cauom
785 505 991 580 succum
1233 553 1234 618 p

312 663 1023 766 EPISTULARUM

510 874 642 941 LIBER
664 874 824 942 NONUS.

656 1112 671 1171 I

421 1213 448 1260 c.
472 1213 611 1262 pumma
635 1195 774 1261 Manno
798 1213 864 1262 suo
889 1213 915 1261 e.
1210 1225 1219 1262 ⁵

124 1319 138 1367 1
227 1303 328 1388 Saepe
350 1307 382 1367 te
406 1304 530 1386 monui,
553 1309 590 1369 ut
611 1303 725 1387 libros,
749 1325 830 1386 quos
852 1303 904 1368 vel
926 1325 985 1387 pro
1008 1307 1040 1368 te
1064 1306 1123 1370 vel
1147 1305 1185 1370 in
1234 1323 1235 1368 l

158 1392 316 1476 Plantam,
339 1393 439 1457 immo
458 1397 491 1457 et
508 1414 567 1476 pro
590 1397 623 1457 te
641 1398 674 1458 et
691 1395 726 1457 in
744 1394 837 1457 illum
857 1390 918 1478 (ita
935 1393 1020 1456 euim
1039 1395 1185 1458 materia

159 1478 308 1567 cogebat)
346 1482 571 1565 composuisti,
612 1503 708 1564 quam
745 1482 961 1547 maturissime
998 1483 1184 1567 emitteres,

159 1570 246 1652 quod
267 1590 354 1634 nunc
380 1571 550 1655 praecipue
578 1575 682 1635 morte
714 1571 782 1635 eius
810 1571 920 1635 audita
946 1575 979 1636 et
1005 1571 1123 1635 hortor
1147 1581 1184 1636 et

123 1675 282 1722 amoueo.
324 1656 475 1733 Quamvis
500 1660 585 1723 enim
607 1660 723 1745 legeris
746 1660 858 1724 multis
880 1660 1099 1746 legendosque
1124 1661 1182 1726 de·
1197 1686 1217 1725 a

158 1747 251 1830 deris,
274 1748 349 1810 nolo
373 1751 481 1813 tamen
505 1771 698 1832 quemquam
723 1749 848 1832 opinari
871 1748 1022 1813 defuncto
1042 1750 1181 1814 demum

123 1853 138 1900 3
158 1835 340 1918 inchoatos,
369 1858 449 1919 quos
476 1838 632 1903 incolumi
655 1860 693 1902 eo
720 1838 881 1923 peregisti.
928 1835 1023 1902 Salva
1045 1839 1089 1902 sit
1113 1839 1182 1904 tibi

159 1925 356 1989 constantiae
375 1925 469 1990 fama.
497 1925 571 1991 Erit
589 1931 706 2010 autem,
724 1927 758 1991 ni
776 1932 891 1992 notum
910 1928 1020 2010 aequis
1038 1927 1181 2010 iniquie-

158 2036 220 2096 que
242 2014 341 2078 fuerit
363 2036 430 2078 non
451 2019 525 2098 poet
547 2016 671 2082 inimici
694 2020 831 2081 mortem
856 2016 1015 2080 scribendi
1037 2016 1100 2080 tibi
1118 2039 1180 2082 na·
1235 2037 1236 2106 l

157 2106 224 2167 tam
248 2125 316 2168 esee
338 2103 503 2188 fiduciam,
530 2105 586 2170 sed
608 2106 673 2170 iam
696 2108 840 2188 paratam
871 2105 1044 2169 editionem
1067 2110 1181 2171 morte
1195 2131 1236 2180 ιω

157 2196 371 2275 praeventam.
417 2192 521 2258 Simul
549 2194 667 2258 vitabis
697 2194 778 2258 illud
806 2194 892 2278 ‘cdx
915 2193 1003 2276 ὁσίη
1031 2195 1180 2278 φθιμέ-
1235 2199 1236 2210 ’

121 2282 309 2346 4νοισιν’.
346 2280 447 2365 Nam,
471 2283 557 2367 quod
580 2283 619 2347 de
641 2284 769 2348 vivente
793 2284 958 2367 seriptum,
981 2283 1179 2348 derivante

156 2370 326 2434 recitatum
345 2374 403 2454 eet,
425 2371 460 2435 in
479 2371 666 2437 defunctum
684 2394 812 2456 quoque
825 2376 990 2455 tamquam
1009 2373 1176 2436 viventem

157 2458 261 2523 adhue
284 2459 398 2544 editur,
422 2461 449 2524 ei
472 2461 577 2526 editur
600 2462 717 2526 statim.
747 2460 860 2547 Igitur,
883 2461 1007 2545 siquid
1030 2461 1119 2524 aliud
1137 2463 1175 2525 in

156 2548 318 2631 manibus,
346 2547 439 2613 differ
460 2550 599 2634 interim,
625 2549 688 2614 hoc
710 2551 840 2634 perfice,
870 2550 957 2634 quod
978 2550 1082 2632 nobis,
1114 2552 1174 2633 qui
1190 2575 1214 2614 a

156 2637 304 2723 legimus,
328 2638 405 2702 olim
429 2639 613 2704 absolutum
635 2640 771 2704 videtur.
805 2637 867 2703 Sed
886 2640 950 2703 iam
968 2639 1117 2702 videatur
1139 2645 1175 2704 et

156 2726 225 2809 tibi,
249 2727 339 2791 cuius
363 2729 598 2793 cunctationem
621 2751 680 2794 neo
702 2750 752 2793 res
774 2729 846 2812 ipsa
865 2728 1022 2793 desiderat
1040 2731 1073 2792 et
1089 2733 1173 2792 tem-

156 2815 244 2898 poris
267 2816 351 2880 ratio
374 2817 537 2902 praecidit.
583 2816 673 2882 Vale.

643 2982 682 3043 II.

419 3081 448 3129 e.
470 3082 609 3130 PLINIUS
634 3082 759 3130 SABINO
784 3082 849 3130 SUO
874 3081 901 3130 s.
1183 3091 1208 3130 ru

122 3186 136 3233 1
223 3169 314 3235 Facie
337 3171 488 3255 iucunde,
512 3173 598 3255 quod
620 3195 687 3236 non
709 3174 815 3237 solum
837 3172 992 3256 plurimas
1014 3172 1169 3255 epistulas

157 3280 253 3340 meae,
274 3281 385 3323 verum
409 3260 507 3324 etiam
523 3256 728 3346 longissimas
747 3261 886 3347 flagitem
909 3261 944 3324 in
963 3261 1080 3344 quibus
1099 3284 1169 3345 par-

230 3399 263 3446 12
286 3395 417 3448 incolomi
438 3400 480 3463 M,
500 3398 568 3452 KI.
660 3403 693 3452 16
717 3400 746 3451 et
764 3398 847 3452 eimul
867 3401 910 3464 M,
925 3399 993 3453 KI.
1021 3431 1056 3439 —
1085 3401 1166 3454 Hom.

157 3468 246 3531 2412.
350 3471 381 3518 17
409 3467 445 3520 de
462 3469 515 3521 viv.
534 3470 612 3523 reeit.
632 3487 663 3534 a,
682 3470 951 3538 K.11(dep.11⁷),
974 3487 1024 3524 om.
1045 3472 1167 3540 ΜΒΝ,

158 3532 228 3585 K.I.
300 3537 334 3585 20
353 3535 410 3588 diff.
430 3537 510 3590 inter.
531 3541 662 3608 Drpso,
681 3539 732 3593 int.
752 3538 810 3593 diff.
832 3541 874 3606 M,
890 3539 928 3593 K.
