2458 3940
339 128 596 232 eruderemus
615 181 777 234 aui-eo.
788 191 808 230 1.
923 145 927 153 ¹
1019 173 1084 240 349

66 341 192 404 tionem
219 337 327 423 habet,
353 343 519 422 tamquam
547 342 705 406 minorem
732 344 835 424 putes.
877 338 926 402 Tu
954 337 1084 422 quidem

65 432 105 492 ut
124 427 302 492 maximum
321 429 488 514 recusasti;
512 431 646 497 sedhoc
665 429 855 514 persuadere
873 429 995 492 nemini
1013 429 1085 511 pot
1146 453 1150 458 ·
1219 453 1221 462 ⁴

67 517 146 600 eris,
173 516 236 581 uisi
264 517 436 601 aliquando
469 522 501 582 et
532 541 599 584 non
624 519 841 586 recusaveris..
874 516 954 580 Cum
982 534 1119 599 arous,2

67 629 144 670 cum
166 610 307 690 tropaea,
330 629 404 680 cum
427 611 549 672 statuas
572 609 760 692 deprecaris,
778 606 949 671 tribuenda
967 609 1016 670 est
1033 627 1085 670 ve-

40 723 53 763 s
66 695 238 760 racundiae
252 699 327 760 tuae
340 697 447 780 venia3
465 695 521 760 illa
536 699 622 762 enim
637 719 713 762 sane
726 697 788 762 tibi
802 697 956 760 dicantur.
988 693 1085 760 Nunc

66 807 144 850 vero
172 787 384 868 postulamus,
411 789 449 850 ut
474 786 602 851 futuros
629 787 790 870 principes
814 787 927 850 doceas
949 785 1083 849 inertiae

67 873 261 957 renuntiare,
274 875 437 957 paulisper
453 874 582 940 delicias
597 877 733 959 differre,
747 876 910 958 paulisper
923 877 956 938 et
970 874 1084 937 saltem

68 962 110 1026 ad
132 963 357 1028 brevissimum
380 967 507 1048 tempus
531 987 571 1028 ex
593 965 650 1030 illo
671 966 835 1030 felicitatis
859 984 972 1027 somno
995 964 1085 1026 velut

70 1053 212 1135 excitari,
234 1052 365 1116 induere
387 1057 597 1137 praetextam,
618 1076 723 1137 quam,
747 1075 820 1118 cum
845 1053 920 1117 dare
943 1056 1085 1135 possent,

27 1169 53 1210 ro
70 1143 270 1223 occuparint,
300 1142 469 1206 ascendere
499 1145 656 1227 curulem,
687 1164 783 1226 quam
811 1142 988 1224 detineant,
1016 1162 1084 1204 esse

70 1231 216 1314 denique,
240 1231 326 1314 quod
343 1232 574 1315 concupierint,
596 1254 656 1297 nec
673 1233 745 1297 ideo
764 1235 891 1296 tantum
910 1229 991 1294 velle
1010 1251 1084 1294 con-

70 1321 155 1383 sules
184 1320 269 1402 fieri,
296 1324 334 1384 ut
362 1320 491 1385 fuerint.
536 1319 670 1386 (11111111
702 1323 839 1385 alterum
871 1320 1119 1401 consulatum,3

69 1409 149 1493 sci03
177 1409 270 1472 illum
298 1410 504 1491 exercitibus,
531 1410 624 1474 illum
654 1410 838 1494 provinciis,
865 1409 958 1472 illum
986 1409 1083 1472 etiam

70 1498 188 1562 exteris
220 1498 370 1583 gentibus
401 1500 522 1583 poteris
554 1501 727 1583 imputare,
758 1521 825 1563 non
855 1501 949 1582 potes
979 1497 1083 1561 nobis.

26 1614 54 1655 15
69 1585 228 1651 Audimus
252 1588 382 1670 quidem
405 1591 437 1653 te
461 1610 555 1653 omne
577 1611 694 1654 munus
723 1589 863 1653 consulis
892 1587 1006 1670 obisse,
1029 1586 1085 1650 sed

68 1677 230 1760 audimus3
253 1677 368 1742 diceris
391 1676 595 1761 iustissimus,
613 1677 873 1760 humanissimus,
891 1677 1084 1761 patientissi-

68 1787 141 1829 mus
164 1765 272 1847 fuisse,
295 1766 351 1830 sed
370 1766 492 1831 diceris.
528 1765 678 1849 Aequum
702 1772 751 1832 est
769 1767 941 1850 aliquando
961 1787 1019 1830 nos
1037 1766 1085 1829 iu·
1103 1771 1105 1776 '
1144 1776 1147 1786 '

68 1855 154 1919 dicio
177 1858 298 1938 nostre,
326 1854 428 1920 oculis
455 1857 583 1940 nostris,
606 1879 673 1920 non
698 1857 804 1920 famae
831 1877 957 1940 semper
979 1859 1011 1919 et
1033 1878 1085 1918 ru-

68 1943 215 2008 moribus
234 1945 369 2008 credere.
402 1943 575 2028 Quousque
593 1945 741 2010 absentes
760 1946 798 2009 de
817 1946 948 2009 absente
968 1944 1083 2030 gaude·
1103 1958 1121 2005 4

26 2061 53 2100 ao
67 2032 201 2097 bimus?
238 2032 348 2098 Liceat
371 2035 518 2118 experiri,
540 2057 582 2098 an
605 2034 728 2116 aliquid
751 2034 918 2116 superbiae
945 2033 1008 2096 tibi
1029 2033 1084 2096 ille

66 2123 138 2206 ipse
162 2122 319 2186 secundus
338 2123 522 2187 consulatus
541 2124 693 2187 at.tulerit
730 2121 870 2186 Multum
889 2123 925 2185 in
943 2143 1085 2186 commu·

66 2211 176 2274 tendis
198 2211 342 2275 moribus
365 2212 533 2276 hominum
557 2211 681 2276 medius
705 2232 807 2275 annus
831 2212 924 2295 valet,
943 2212 978 2274 in
999 2211 1085 2294 priu-

67 2300 179 2382 cipum
202 2300 284 2382 plus.
320 2299 501 2365 Didicimus
525 2301 665 2384 quidem,
688 2301 740 2365 cui
762 2300 864 2364 virtus
883 2263 992 2383 aliqua
1010 2321 1085 2365 con·
1104 2314 1119 2363 o

67 2390 186 2474 tingat,
209 2411 320 2454 omues
343 2390 455 2474 inesse,
479 2390 626 2492 cupimus
648 2395 758 2454 tamen
775 2390 921 2474 experiri,
939 2412 980 2452 an
998 2410 1085 2454 nunc

26 2499 200 2561 aequoque
222 2500 286 2541 una
309 2479 483 2563 eademque
504 2501 554 2543 res
583 2481 626 2544 sit
612 2480 752 2544 btonus
780 2479 893 2543 consul
921 2482 953 2543 et
980 2478 1084 2542 bonus

67 2567 227 2650 princeps.
263 2564 349 2631 Nam
372 2572 498 2651 praeter
520 2568 562 2650 id,
586 2569 673 2652 quod
691 2571 740 2632 est
758 2568 903 2650 arduum,
922 2568 999 2631 duas
1019 2590 1084 2632 eas·
1104 2583 1119 2631 1

68 2678 133 2739 que
157 2678 298 2720 summas
316 2661 492 2740 potestates
511 2658 608 2720 simul
627 2679 748 2741 capere,
765 2662 836 2722 tum
854 2659 938 2722 inest
956 2658 1085 2739 utrique

68 2767 137 2809 non
159 2746 248 2808 nulla
272 2745 447 2830 diversitas,
469 2767 542 2810 cum
566 2747 744 2830 principem
768 2768 864 2829 quam
886 2747 1085 2811 simillimum

68 2854 134 2900 esse
150 2835 285 2916 1111111,
309 2836 461 2900 consulem
484 2855 579 2917 quom
602 2836 853 2900 dissimillimum
877 2835 995 2900 deceat.

25 2952 54 2992 so
138 2921 247 3006 Atque
261 2945 321 3009 ego
335 2925 429 2989 video
448 2925 596 3009 proximo
611 2947 695 2989 anno
714 2926 899 2990 consulatus
917 2921 1138 2990 recusandi60

68 3013 156 3076 hanc
186 3014 391 3098 praecipuam
420 3014 519 3078 fuisse
549 3014 715 3094 rationem,
748 3014 835 3097 quod
866 3036 939 3077 eum
969 3013 1084 3078 absens

142 3211 159 3258 4
177 3207 269 3275 troph.
286 3205 388 3261 Baebr.
466 3211 481 3258 9
501 3205 619 3261 excitari
636 3207 674 3272 A,
693 3206 798 3272 Liuio,
815 3206 927 3272 Baelo,
946 3205 1083 3260 excitatos

66 3278 143 3344 dett,
158 3278 196 3332 K.
269 3284 301 3331 11
322 3277 516 3346 concupierint
529 3296 542 3332 e
556 3295 605 3332 suo
620 3279 638 3332 d
653 3279 690 3332 K.
697 3281 739 3344 II,
754 3279 865 3344 Β11111,
882 3277 1086 3346 concupierunt

62 3349 165 3419 pleriq.
180 3349 265 3416 coda,
285 3351 353 3405 K.I.
426 3354 459 3402 23
480 3349 630 3402 didicimus
644 3350 680 3414 A,
698 3350 820 3419 Caspia,
834 3350 946 3414 Baelo„
965 3348 1084 3402 dicimus

67 3421 127 3475 rell.
147 3421 233 3488 eodo,
252 3422 290 3475 K.
365 3426 399 3474 26
423 3420 639 3489 duas-capere
657 3422 694 3487 A,
713 3422 814 3476 Baelo.
830 3438 860 3488 p.
875 3420 991 3486 XXIV,
1014 3420 1084 3474 duas

68 3507 148 3558 easq.
167 3491 228 3546 sim.
249 3508 308 3561 cap.
326 3494 385 3561 pot.
405 3509 503 3546 summ.
522 3494 579 3546 rell.
599 3493 685 3557 codd,
705 3494 752 3559 K,
777 3492 846 3546 duas
865 3492 926 3544 sim.
946 3507 1006 3561 cap.
1024 3494 1083 3560 pot.

68 3578 175 3631 easque
194 3565 409 3620 summ..Buclrr.
482 3569 515 3617 28
535 3563 760 3632 simili-quam
777 3581 828 3619 om.
848 3565 935 3619 ΚΠ.
