2458 3940
148 144 214 208 320
584 143 612 198 C.
631 143 730 238 rnuu

148 310 275 387 totum,
292 328 365 370 cum
388 306 530 370 donativi
558 310 683 390 partem
711 307 830 370 milites
861 307 1067 391 accepissent.
1112 304 1168 369 An

149 394 319 460 mediocris
351 395 450 460 animi
480 401 529 459 est
558 397 608 460 his
636 396 745 479 potius
768 400 1016 479 repraesentare,
1044 394 1168 478 quibus

122 535 123 538 ,
149 485 253 568 magis
279 484 391 569 negari
423 485 551 568 potest?
584 507 779 568 quamquam
811 485 844 548 in
871 486 932 548 hac
960 505 1089 568 quoque
1119 484 1168 547 di-

149 573 301 637 versitate
329 573 530 656 aequalitatis
558 575 641 638 ratio
670 578 795 638 servata
823 578 878 638 est.
918 572 1059 656 Aequati
1087 579 1169 637 sunt

150 661 234 726 enim
257 661 378 745 populo
402 663 522 726 milites
546 685 593 747 eo,
617 663 702 745 quod
725 667 858 746 partem,
876 663 932 727 sed
950 662 1082 746 prioreS,
1106 685 1168 745 po·
1197 691 1208 729 r

149 750 244 834 pulus
268 751 434 834 militibus,
459 752 545 834 quod
567 751 738 836 posterior,
763 752 818 815 sed
840 755 959 816 totum
975 751 1084 815 statim
1115 772 1168 815 ac-

113 840 242 923 ccepit.
284 839 458 904 Enimvero
487 862 550 923 qua
576 839 777 925 benignitate
805 840 943 905 divisum
970 845 1032 923 est,
1063 862 1168 922 quan-

148 933 263 1011 taeque
287 950 380 993 curae
403 929 464 992 tibi
486 930 616 1014 fuitne
640 929 712 1012 quis
732 950 845 1012 expers
863 929 1067 994 liberalitatis
1088 933 1168 992 tuae

148 1018 252 1081 fieret!
289 1017 410 1081 Datum
434 1022 482 1081 est
504 1019 564 1102 his,
588 1019 644 1101 qui
666 1024 742 1101 post
769 1018 910 1082 edictum
934 1023 1025 1082 tuum
1053 1020 1089 1081 in
1116 1019 1167 1081 lo-

149 1129 221 1171 cum
245 1129 408 1171 erasarum
432 1106 553 1171 subditi
575 1107 711 1190 fuerant,
735 1109 925 1190 aequatique
948 1110 1023 1170 sunt
1046 1107 1167 1171 ceteris
1183 1136 1209 1174 ro

113 1214 130 1261 4
149 1195 198 1260 illi
212 1195 318 1277 etiarn,
333 1197 450 1279 quibus
468 1217 533 1260 non
553 1200 621 1260 erat
635 1197 839 1279 promissum.
870 1196 1020 1282 Negotiis
1034 1195 1169 1279 aliquia,
1223 1265 1224 1268 Ἴ

128 1285 330 1350 ¹valetudine
354 1285 444 1368 alius,
467 1285 522 1350 hic
544 1287 634 1369 mari,
654 1287 709 1349 ille
728 1285 916 1350 fluminibus
935 1285 1169 1368 distinebatur3
1223 1293 1224 1376 l

149 1378 334 1457 expectatus
362 1378 419 1457 est,
445 1375 684 1458 provisumque,
715 1398 756 1439 ne
785 1376 857 1457 quis
885 1396 987 1460 aeger,
1014 1396 1054 1437 ne
1089 1375 1169 1457 quis

149 1467 332 1547 occupatus,
354 1485 394 1527 ne
419 1463 491 1546 quis
515 1464 651 1546 denique
674 1463 771 1548 longe
793 1463 916 1546 fuisset,
934 1464 1057 1527 veniret
1077 1464 1169 1546 quis-
1223 1481 1224 1568 p

113 1569 219 1635 eque,
242 1573 315 1615 curn
338 1551 444 1635 vellet,
466 1554 590 1616 veniret
613 1553 758 1636 quisque,
781 1573 854 1616 cum
877 1555 994 1635 posset.
1036 1551 1224 1638 Magni-157

148 1641 255 1723 ficum,
274 1638 398 1724 Caesar,
416 1645 448 1704 et
462 1644 554 1704 tuum
569 1641 837 1722 disiunctissimas
855 1645 956 1705 terras
974 1641 1169 1706 munificen-
1223 1671 1224 1692 1

148 1730 213 1792 tiae
235 1730 364 1814 ingenio
393 1731 481 1793 velut
509 1729 678 1794 admovere
703 1733 922 1813 immensaque
952 1730 1055 1813 spatia
1083 1730 1169 1795 libe-

148 1817 275 1880 ralitate
299 1818 495 1902 contrahere,
520 1819 716 1884 intercedere
740 1819 875 1903 casibus,
904 1839 1070 1884 occursare
1099 1819 1171 1884 for-

78 1923 80 1930 “
149 1910 245 1969 tunae
268 1911 364 1989 atque
388 1909 476 1971 omni
500 1929 561 1991 cpe
584 1908 694 1991 adniti,
716 1931 757 1972 ne
777 1911 848 1992 quis
868 1931 885 1972 e
904 1908 996 1992 plebe
1015 1907 1169 1972 Romana

149 1994 244 2059 dante
268 1997 467 2082 congiarium
487 2001 520 2060 te
543 1996 706 2061 hominem
730 2019 763 2061 se
782 1999 885 2083 magis
911 1998 1043 2062 sentiret
1060 1997 1169 2062 fuisse
1185 2027 1211 2065 aa

155 2106 250 2167 quarn
274 2107 386 2150 crvern.

98 2173 146 2238 26
217 2172 420 2238 Adventante
444 2175 599 2258 congiarii
620 2175 670 2239 die
694 2175 862 2240 observare
884 2174 1039 2258 principis
1057 2197 1171 2260 egres-

111 2283 220 2326 ·.·sum
244 2264 278 2327 in
300 2263 476 2346 publicum,
499 2263 637 2328 insidere
658 2265 727 2328 viar
751 2265 898 2329 examina
917 2265 1091 2328 infantium
1115 2265 1171 2328 fu-

149 2355 304 2434 turusque
322 2351 462 2435 populus
481 2353 612 2417 solebat.
638 2351 745 2417 Labor
763 2353 950 2437 parentibus
968 2355 1038 2416 erat
1056 2357 1168 2418 osten-

149 2444 217 2503 tare
239 2441 391 2523 parvulos
414 2441 646 2525 impositosque
670 2443 847 2506 cervicibus
875 2441 1038 2507 adulantia
1061 2443 1167 2507 verba
1182 2471 1206 2508 aa

115 2547 130 2593 a
150 2529 346 2613 blandasque
370 2551 464 2594 voces
487 2529 626 2594 edocere.
663 2531 852 2596 Reddebant
872 2531 930 2615 illi,
950 2552 1030 2614 quae
1053 2553 1167 2596 mone·
1223 2521 1224 2566 ³

152 2619 290 2701 bantur,
313 2641 350 2683 ac
381 2619 526 2702 plerique
558 2620 657 2683 irritis
689 2621 838 2703 precibus
869 2621 980 2684 surdas
1006 2621 1170 2703 principis

151 2728 243 2771 aures
267 2707 494 2791 obstrepebant
513 2709 690 2793 ignarique,
709 2709 787 2792 quid
804 2713 981 2794 rogassent,
1001 2709 1079 2791 quid
1097 2731 1169 2774 non
1223 2761 1224 2764 ,

114 2812 131 2860 3
150 2797 383 2879 impetrassent,
404 2796 504 2861 donec
522 2799 617 2879 plane
637 2799 762 2881 scirent,
781 2797 1016 2863 differebantur.
1054 2797 1105 2862 Tu
1122 2821 1169 2863 ne

149 2887 258 2970 rogari
285 2885 414 2968 quidem
442 2887 624 2952 sustinuisti
651 2890 693 2970 et,
722 2909 917 2971 quamquam
949 2887 1167 2952 laetissimum
1182 2915 1206 2952 sc

150 2974 251 3038 oculis
281 2976 345 3038 tuis
373 2979 457 3038 esset
483 2981 656 3058 conspectu
684 2975 847 3054 Romanae
875 2977 994 3040 sobolis
1024 2977 1167 3060 impleri,
1223 3029 1224 3034 1

150 3084 260 3128 omnes
283 3066 399 3148 tamen,
422 3068 496 3127 ante
520 3087 616 3148 quam
640 3069 672 3128 te
695 3065 839 3129 viderent
862 3065 1034 3149 adirentve,
1051 3068 1167 3150 recipi,

149 3152 248 3216 incidi
270 3153 402 3236 iussisti,
424 3155 543 3218 utiam
566 3153 640 3218 inde
659 3154 700 3219 ab
719 3155 855 3219 infantia
873 3157 1038 3238 parentem
1057 3155 1168 3238 publi-

150 3261 223 3303 cum
236 3263 368 3305 munere
382 3242 579 3308 educationis
599 3244 826 3327 experireutn,
846 3247 1022 3308 crescerent
1041 3244 1081 3306 de
1098 3249 1168 3326 tuo,

161 3419 163 3425 '
223 3453 238 3499 a
258 3449 314 3502 aar.
334 3453 363 3503 a
381 3453 415 3520 (a.
434 3452 531 3522 auam)
551 3453 586 3506 aa
605 3453 725 3508 aaran
740 3459 824 3522 aaa.
844 3485 877 3494 -
897 3453 931 3507 us
951 3456 990 3508 rr.
1062 3460 1099 3509 ar
1121 3459 1166 3510 ar-

152 3517 201 3583 qui
220 3519 329 3583 Baebr„
349 3523 378 3573 at
399 3522 507 3576 Geawr.
582 3529 615 3578 28
634 3539 755 3594 erogans.
776 3525 897 3579 Schenkl.
