2480 3942
358 165 616 222 EPISTULARUM
634 172 748 222 40-44.
999 166 1067 266 269Ι

461 335 552 394 rou.
577 329 655 415 [Li]

394 435 567 484 TRAIANUS
590 436 720 484 PLINIO.
842 451 844 458 ¹

115 527 228 592 Potest
241 549 300 591 nos
315 527 487 593 sollicitare
505 527 594 591 laous
613 527 682 610 iste,
701 530 737 590 ut
755 527 954 591 committere
969 519 1065 606 illum

42 618 131 681 mari
158 617 308 700 velimus3
341 616 396 680 sed
423 617 518 698 plane
545 616 777 699 explorandum
808 619 856 680 est
888 615 1065 701 diligenter,

12 729 104 789 sne,
134 706 162 769 si
194 705 342 770 dimissus
375 706 409 768 in
441 727 528 769 mare
559 705 670 787 fuerit,
701 708 789 769 totus
824 703 948 788 effluat,
981 709 1065 769 certe

44 797 207 878 quantum
240 816 395 878 aquarum
427 798 459 858 et
488 793 572 858 uude
602 794 746 876 aooipiat.
792 792 916 858 Poteris
947 816 965 857 a
996 791 1066 857 Gal·

42 884 166 967 pumio
189 881 297 947 Macro
320 886 429 966 petere
451 883 652 968 libratorem,
683 886 715 946 et
738 904 798 968 ego
826 883 902 946 hino
925 883 1065 966 aliquem

42 971 109 1037 tibi
132 973 271 1056 peritum
295 972 362 1036 eius
384 972 473 1036 modi
497 993 631 1055 operum
653 973 788 1036 mittam.

445 1153 551 1215 XLHI.
576 1149 670 1234 [Lu]

4 1272 29 1310 ιο
251 1255 278 1302 0.
303 1255 441 1302 PLINIUS
466 1255 621 1302 TRAIANO
645 1255 869 1303 IMPERATORI.

116 1344 293 1434 Requirent
279 1347 305 1410 ti
323 1346 404 1410 mihi
417 1345 541 1429 Byzant
527 1347 646 1411 tiorum
665 1347 712 1411 rei
728 1346 877 1429 publicae
895 1346 1100 1430 impendia,1

44 1457 131 1519 quae
155 1435 295 1499 maxima
317 1435 402 1520 feeit,
425 1435 602 1500 indicatum
625 1439 682 1518 est,
705 1435 842 1520 domine,
864 1435 1008 1521 legatum
1026 1435 1066 1500 ad

42 1529 79 1588 te
105 1524 309 1596 salutandum
332 1485 424 1588 annis
454 1525 602 1588 omnibus
634 1545 707 1589 eum
730 1487 948 1608 psephismate
971 1525 1066 1608 mit‚ti

45 1614 143 1696 eique
173 1612 242 1677 dari
270 1635 476 1677 nummorum
507 1613 652 1677 duodena
684 1614 781 1677 milia.
836 1612 960 1679 Memor
989 1629 1101 1700 ergor

4 1731 29 1772 15
44 1703 245 1785 propositit
246 1703 280 1765 ui
306 1702 450 1788 legatum
480 1703 609 1786 quidem
636 1703 852 1786 retinendum,
881 1703 1066 1787 psephisma

46 1795 159 1854 autem
177 1792 251 1855 mitt
237 1791 447 1856 ttondum
387 1796 447 1875 put
448 1792 508 1875 avi,
522 1796 559 1856 ut
573 1792 718 1856 simulet
704 1795 880 1875 tsumptus
898 1793 1058 1857 levaretur
1019 1817 1066 1876 ur,

45 1884 81 1944 et
109 1881 297 1962 impleretur
324 1881 491 1963 publicum
520 1880 671 1945 officium.
717 1879 832 1945 Eidem
863 1882 986 1946 civitati
1009 1883 1101 1945 im·3

45 1972 163 2052 putata
193 1973 268 2032 sunt
295 1973 388 2033 terna
416 1971 519 2053 milia,
551 1992 632 2053 quae
661 1969 771 2034 viatici
799 1971 929 2034 nomine
961 1993 1067 2035 annua

47 2058 210 2122 dabantur
237 2059 344 2142 legato
376 2059 464 2122 eunti
494 2059 534 2123 ad
562 2079 648 2142 eum,
681 2060 736 2141 qui
759 2057 899 2122 Moesiae
931 2063 1066 2142 praeest,

5 2177 32 2216 ro
46 2147 179 2230 publice
209 2146 420 2212 salutandum.
465 2145 555 2212 Haeo
583 2169 644 2232 ego
674 2149 709 2210 in
737 2150 902 2230 posterum
934 2149 1102 2212 circum-4

48 2235 185 2302 eidenda
203 2237 392 2300 existimavi.
424 2235 478 2320 Te,
502 2237 640 2322 domine,
662 2256 752 2322 rogo,
774 2240 819 2320 ut,
843 2236 920 2319 quid
937 2237 1066 2320 sentias,

45 2325 253 2390 rescribendo
273 2329 328 2389 aut
348 2326 517 2390 eonsilium
532 2347 639 2391 meum
655 2325 842 2389 confirmare
857 2328 912 2389 aut
926 2346 1066 2390 errorem

47 2413 218 2479 emendare
242 2413 389 2500 digneris.

442 2579 546 2639 miv.
570 2574 679 2659 [om]

7 2691 33 2732 25
394 2679 565 2729 TRAIANUS
589 2681 719 2729 PLINIO.

119 2768 249 2854 Optime
266 2771 380 2854 issisti,
404 2770 547 2835 Secunde
567 2773 737 2856 carissime,
760 2771 906 2837 duodena
929 2774 991 2837 ista
1004 2772 1067 2856 By-

49 2860 180 2943 zantiis,
208 2882 289 2942 quae
312 2860 353 2924 ad
376 2860 579 2924 salutandum
602 2883 654 2925 me
683 2862 717 2925 in
739 2861 882 2947 legatum
906 2862 1067 2946 impende·

48 2949 183 3034 bantur,
213 2949 415 3013 remittendo.
460 2948 619 3033 Perpetuo
732 2949 783 3013 his
815 2950 975 3034 partibus,
1007 2951 1067 3015 etsi

49 3039 157 3102 solum
180 3038 366 3121 psephisma
389 3059 446 3121 per
468 3041 500 3102 te
523 3038 658 3104 missum
680 3038 785 3104 fuerit.
830 3037 980 3125 Ignoscet
1002 3040 1066 3104 illis

9 3153 36 3194 ao
50 3132 83 3192 et
115 3125 256 3192 Moesiae
292 3149 433 3211 praeses,
465 3126 493 3191 si
524 3127 631 3192 minus
667 3127 760 3192 illum
797 3132 984 3211 sumptuose
1017 3149 1068 3192 oo·

50 3216 180 3281 luerint.

125 3413 141 3462 5
167 3408 279 3463 demiss.
305 3409 412 3474 Gutum,
432 3410 501 3464 KJ.
593 3414 626 3463 12
651 3408 722 3463 facit
747 3410 854 3476 Oetam,
873 3408 941 3464 K.1.
1032 3413 1066 3462 29

52 3480 144 3536 solum
162 3496 259 3534 eorum
276 3480 373 3550 pseph.
392 3499 420 3535 a.
