2480 3942
323 640 397 728 o.
426 640 558 712 Ριιιιι
587 639 774 713 enacim
834 653 835 656 ‘
949 585 976 662 7
1031 663 1033 670 Α

473 776 663 846 arcuum
720 859 722 864 ¹
805 765 808 770 ·
921 811 924 818 ,

251 922 885 1026 Plunerurous.
955 897 957 938 ³
1037 927 1039 930 ·

125 1261 213 1326 Bene
236 1282 274 1325 ac
296 1262 464 1345 sapienter,
487 1265 595 1345 patres
619 1261 800 1344 conscripti,
824 1263 960 1326 maiores
984 1259 1110 1325 insti-l

28 1353 191 1416 stuerunt
213 1354 250 1414 ut
271 1373 379 1414 rerum
397 1351 593 1435 agendarum
612 1351 657 1414 ιιι
676 1349 803 1414 dicendi
820 1351 881 1414 init
867 1351 949 1413 tium
969 1373 987 1413 ι
1004 1373 1074 1433 pre·

56 1439 241 1505 cationibus
273 1461 401 1523 capere,
433 1439 519 1522 quod
547 1440 629 1503 nihil
655 1440 729 1521 rite,
761 1440 843 1503 nihil
870 1439 1075 1523 providenter

54 1529 250 1593 homines
226 1550 293 1593 srne
313 1529 445 1593 deorum
460 1529 691 1593 immortalium
706 1550 774 1612 ope
790 1530 934 1612 consilio,
952 1529 1074 1593 honore

56 1618 308 1701 auspicarentur.
355 1617 418 1694 Qui
447 1638 517 1681 mos
541 1619 593 1681 cui
615 1618 723 1700 potius
751 1640 848 1700 quam
873 1618 996 1682 consuli
1019 1609 1109 1681 autu

8 1703 190 1808 quando
213 1709 317 1791 magis
339 1707 541 1790 usurpandus
566 1707 782 1790 colendusque
805 1710 853 1770 est
853 1729 982 1790 ‚quam
1002 1723 1076 1770 curn

15 1824 42 1863 10
57 1796 195 1878 imperio
224 1800 366 1879 senatus,
398 1797 588 1860 auctoritate
571 1797 661 1860 erei
688 1795 836 1879 publicae
866 1797 906 1859 ad
936 1796 1076 1880 agendas

58 1885 184 1968 optimo
207 1886 346 1969 principi
368 1886 487 1969 gratias
512 1886 711 1948 excitamur?
757 1884 850 1960 Quod
873 1886 959 1948 enim
987 1908 1075 1968 prae·
1094 1901 1110 1948 3

58 1974 209 2038 stabilius
233 1977 282 2038 est
305 1977 361 2037 eut
378 1975 544 2058 pulchrius
562 1994 679 2037 munus
701 1973 832 2036 deorum
853 1996 949 2056 quum
969 1978 1075 2037 castus

57 2067 92 2144 et
116 2066 246 2127 sanctus
269 2066 301 2127 et
325 2063 373 2126 dis
400 2064 583 2127 simillimus
610 2062 780 2145 princeps?
825 2060 884 2144 Ao,
917 2064 945 2125 si
972 2063 1111 2126 adhuc4

58 2152 196 2215 dubium
218 2152 341 2235 fnisset,
363 2152 447 2216 forte
471 2172 609 2234 casuque
629 2155 768 2216 rectores
795 2152 888 2214 terris
907 2173 949 2214 an
968 2152 1075 2234 aliquo

15 2269 42 2308 ιι
58 2241 193 2305 numine
221 2241 384 2324 darentur,
415 2241 592 2324 principem
625 2244 734 2303 tamen
760 2243 906 2303 nostrum
939 2241 1077 2322 liqueret

59 2330 217 2393 divinitus
241 2331 460 2394 constitutum.
492 2328 569 2393 Non
591 2331 676 2393 enim
701 2330 826 2392 occulta
849 2332 1009 2412 potestate
1030 2329 1076 2392 ιι·
1096 2345 1111 2392 5

58 2423 179 2502 torum,
203 2419 257 2483 sed
280 2420 320 2483 ab
336 2416 414 2482 Iove
436 2420 506 2501 ipso
531 2438 637 2482 coram
661 2439 699 2481 ac
721 2418 828 2502 palam
851 2422 995 2501 repertus
1020 2421 1077 2499 est,

59 2509 183 2572 electus
220 2509 338 2592 quippe
374 2509 458 2572 inter
490 2529 559 2570 aras
590 2511 622 2571 ot
608 2508 767 2571 taltaria
797 2507 972 2590 eodemque
1004 2509 1077 2590 loci,

59 2618 158 2680 quem
182 2596 259 2660 deus
283 2598 374 2660 illet
360 2600 427 2660 tam
451 2597 601 2660 manifest
587 2600 640 2659 tus
664 2616 701 2660 ac
723 2618 873 2680 praesens
893 2619 1006 2684 quarn
1009 2617 1078 2660 cae·

15 2713 45 2751 20
59 2687 130 2749 lum
155 2706 192 2748 ac
215 2685 318 2750 sidera
341 2686 466 2750 insedit
444 2685 574 2762 tQuo
597 2687 701 2770 magis
725 2689 836 2768 aptum
855 2686 1010 2768 piumque
1028 2689 1078 2749 est
1097 2702 1112 2748 o

59 2779 107 2857 te,
135 2771 280 2858 Iuppiter
304 2776 424 2858 optime
448 2776 599 2857 maxime,
632 2797 674 2838 ιιι
674 2779 731 2838 tea
674 2775 961 2858 tconditorem‚
993 2795 1078 2838 nunc

60 2865 351 2928 conservatorem¹
343 2864 469 2947 imperii
491 2864 607 2946 nostri,
639 2865 776 2946 precari,
808 2867 845 2926 ut
831 2865 952 2927 tmihi
981 2865 1078 2948 digna

60 2953 203 3035 consule,
226 2952 324 3038 digna
348 2955 469 3034 senatu,
493 2952 590 3037 digna
612 2955 756 3036 principe
781 2953 947 3037 contingat
966 2954 1078 3034 oratio,

60 3044 162 3124 utque
191 3042 353 3125 omnibus,
386 3063 468 3125 quae
501 3041 646 3105 dicentur
679 3065 697 3105 a
724 3063 784 3124 me,
815 3042 960 3124 libertas,
989 3041 1078 3124 fides,

15 3157 45 3197 aa
59 3131 180 3194 veritas
210 3133 350 3213 constet
381 3134 576 3214 tantumque.
596 3154 620 3194 ι
650 3132 754 3214 specie
777 3130 886 3194 adulat
872 3131 972 3194 tionis
994 3130 1078 3193 absit

62 3220 241 3304 gratiarum
265 3220 348 3284 actio
372 3239 451 3302 meu,
476 3223 576 3302 quant
575 3243 632 3283 um
656 3219 746 3282 abest
732 3218 1020 3283 ιιιιιιιιιιιιιιῖ

130 3307 291 3392 Equidem
319 3329 385 3372 non
413 3310 537 3372 consuli
566 3309 675 3390 modo,
704 3308 759 3372 sed
783 3307 938 3374 omnibus
955 3307 1116 3371 civibust'.

62 3398 250 3462 enitendum
272 3419 355 3482 reor,
377 3420 417 3472 ne
440 3398 518 3481 quid
542 3398 580 3480 de
602 3397 745 3481 principe
763 3397 924 3461 nostrot
897 3419 943 3460 ιι
910 3397 1079 3480 dicen

62 3489 100 3550 ut
128 3485 214 3551 idem
243 3487 323 3551 illud
351 3488 389 3550 de
418 3487 480 3550 alio
512 3487 575 3551 dici
601 3488 745 3568 potuisse
774 3485 881 3551 rideat
867 3490 928 3551 t.ur
975 3485 1112 3562 Quarta
