2480 3942
346 143 605 198 EPISTULARUM
621 144 660 198 rx
680 149 793 199 18-21.
1010 144 1076 209 235

60 329 162 392 pensa
184 309 384 372 monumenti
411 328 608 392 supervacua
631 312 694 392 est3
718 307 874 372 memoria
895 309 999 372 nostri
1021 308 1077 371 du-

60 397 155 480 rabit,
178 396 206 461 si
228 397 296 460 vita
317 397 513 461 meruimus?
554 395 609 461 An
629 397 808 462 restrictius
831 397 995 462 arbitraris
1019 419 1077 481 per

60 487 172 550 orbem
195 490 352 550 terrarum
374 487 546 571 legendum
574 486 649 550 dare
679 486 865 550 duraturam
889 487 1076 551 memoriam

59 597 152 639 suam
172 583 351 659 quam‘'uno
370 575 405 638 in
422 577 494 640 loco
510 574 635 640 duobus
649 575 815 640 versiculis
830 577 966 660 signare,
989 575 1076 659 quod

28 665 196 729 sicceris?
242 663 449 748 Quamquam
466 686 533 728 non
553 664 658 729 habeo
681 664 885 748 propositum
914 664 1007 728 illum
1029 679 1111 728 ιι-ἰ

56 752 286 904 prehendendi,
309 753 364 818 sed
385 753 474 818 hunc
496 753 620 836 tuendi,
644 753 734 817 cuius
758 776 839 838 quae
862 758 969 838 potest
992 753 1077 836 apud

56 841 123 907 te
113 845 180 906 rust
181 841 230 906 ior
252 864 321 907 esse
344 842 486 906 defensio
505 864 602 926 quam
620 863 661 906 ex
680 843 906 907 conlatione
880 865 957 927 erus,
981 865 1076 926 quem
1153 899 1156 907 .

55 931 262 1015 praetrdisti?
284 930 357 995 Meo
378 931 506 1014 quidem
525 931 643 995 iudicio
662 935 776 995 neuter
794 932 981 1016 culpandus,
1000 952 1077 1021 quo·
1095 947 1111 994 8

55 1044 132 1084 rum
174 1023 309 1103 uterque
350 1020 390 1083 ad
431 1020 568 1105 gloriam
609 1021 681 1104 pari
717 1020 873 1104 cupiditat
841 1043 910 1104 ae,
951 1016 1075 1085 diverso

11 1135 43 1182 ιο
57 1109 176 1173 itinere
206 1113 281 1173 cont
267 1109 370 1173 tendit
356 1110 508 1193 t,alter,
539 1108 614 1172 dum
646 1131 726 1210 expe
727 1109 769 1173 ιιι
727 1109 886 1173 tdebit
872 1114 923 1173 tos
953 1110 1075 1191 titulos,

57 1197 151 1282 alter,
175 1199 250 1263 dum
274 1159 398 1263 mavult
420 1197 522 1262 videri
545 1201 620 1261 cont
621 1198 790 1282 empsisse..
825 1197 915 1263 Vale.

536 1363 599 1421 XX.

301 1463 330 1511 c.
352 1463 493 1510 anrus
517 1463 696 1511 vnnsrom
720 1463 785 1512 suo
811 1463 836 1512 s.

103 1553 174 1617 'lbra
196 1575 272 1618 vero
296 1553 378 1638 epist
365 1554 513 1618 ttanula
472 1557 546 1617 anto
513 1554 651 1617 tmihi
674 1553 843 1618 iucundior
861 1553 932 1656 fuit,
956 1557 1111 1638 quantor

15 1668 42 1710 ιι
56 1643 189 1730 longior
213 1647 280 1707 erat
284 1643 510 1726 ,praesertim
535 1664 608 1707 cum
633 1643 671 1706 de
693 1642 813 1707 libellis
836 1643 916 1707 meis
939 1646 1009 1706 tota
1031 1644 1077 1707 lo-

57 1735 226 1834 queretur,
251 1754 331 1816 quos
354 1732 416 1797 tibi
434 1729 581 1814 voluptat
549 1732 594 1794 ιι
617 1753 770 1796 essenon
788 1731 897 1816 miror,
919 1753 993 1797 cum
1012 1753 1078 1796 om-

55 1822 113 1886 nia
142 1825 253 1884 nostra
281 1821 414 1904 perinde
443 1841 481 1884 ac
503 1842 563 1884 nos
593 1842 688 1885 ames
734 1819 807 1905 Ipse
836 1842 910 1885 cum
939 1821 1112 1885 maximea

56 1910 237 1974 vindemias
275 1910 410 1995 graciles
444 1909 588 2010 quidem,
624 1909 787 1974 uberiores
825 1913 946 1994 tamen,
980 1932 1077 1993 quam

56 2003 318 2083 expectarem,
350 1998 483 2083 colligo,
513 1998 541 2062 si
564 1998 714 2084 colligere
742 2002 880 2063 estnon
900 2021 1077 2082 numquam

11 2095 42 2154 ἰο
57 2088 228 2172 decerpere
250 2110 361 2171 uvam,
388 2089 548 2152 torculum
570 2087 721 2172 invisere,
751 2088 919 2173 degustare
943 2087 982 2151 de
1004 2089 1077 2153 lacu

57 2181 218 2260 mustum,
242 2177 393 2260 obrepere
416 2176 562 2260 urbanis,
586 2177 641 2260 qui
664 2198 751 2253 nunc
773 2177 901 2241 rusticis
924 2181 1077 2260 praesunt

56 2288 175 2349 meque
198 2265 332 2330 notariis
356 2270 388 2329 et
409 2265 584 2329 lectoribus
606 2265 815 2350 reliquerunt.
860 2264 951 2330 Vale.

531 2431 602 2490 xxi
734 2407 744 2475 ι

300 2531 328 2578 c.
351 2531 490 2579 palmus
515 2531 700 2579 SABINIANO
726 2531 791 2580 suo
816 2531 841 2580 S.

19 2647 43 2687 ιι
128 2620 278 2685 Libertus
300 2625 393 2705 tuus,
424 2621 475 2684 οιιι
498 2641 681 2686 suscensere
703 2625 736 2685 te
760 2621 899 2704 dixeras,
926 2620 1015 2684 venit
1037 2621 1111 2684 adl

56 2733 112 2774 me
140 2709 374 2793 advolutusque
401 2709 537 2794 pedibus
567 2709 647 2774 meis
676 2715 842 2794 tamquam
871 2709 935 2774 tuis
965 2709 1077 2774 haesit.

56 2799 167 2864 Flevit
189 2800 337 2882 multum,
359 2798 499 2863 multum
522 2799 662 2884 rogavit,
685 2799 824 2866 multum
848 2799 945 2863 etiam
967 2799 1078 2882 tacuit,

57 2890 96 2952 in
123 2909 249 2952 summa
274 2887 352 2953 fecit
379 2887 460 2951 mihi
487 2888 584 2952 fidem
607 2888 829 2971 paenitentiae.
875 2887 959 2952 Vere
983 2889 1076 2952 credo

57 2978 280 3062 emendatum,
309 2977 384 3060 quia
407 2976 578 3060 deliquisse
602 2999 635 3041 se
659 2977 765 3041 sentit.
810 2975 974 3060 Irasceris,
1002 2977 1112 3060 seio,2

19 3093 43 3132 ιι
58 3071 94 3131 ιι
116 3066 262 3131 irasceris
285 3067 410 3149 merito,
432 3065 466 3129 id
489 3087 616 3150 quoque
636 3066 715 3150 seio,
739 3066 794 3130 sed
812 3070 890 3130 tunc
908 3066 1079 3150 praecipua

55 3155 317 3222 mansuetudinis
348 3156 432 3239 ιιιιι,
470 3176 542 3219 aum
579 3155 644 3218 irae
682 3175 777 3219 causa
803 3154 989 3219 iustissima
1021 3159 1078 3219 est.

57 3242 190 3309 Amasti
206 3243 371 3308 hominem
390 3248 431 3328 et,
454 3265 557 3328 spero,
580 3244 718 3327 amabis,
741 3243 871 3308 interim
890 3243 1019 3328 sufficit,
1042 3249 1079 3308 ut
1097 3261 1113 3308 3

58 3333 187 3398 exorari
206 3337 238 3396 te
257 3333 351 3397 sinas.
374 3332 500 3398 Licebit
518 3355 628 3397 rursus
646 3332 750 3417 irasci,
769 3333 796 3397 si
810 3334 971 3417 meruerit,
992 3334 1079 3417 quod

58 3426 212 3487 exoratus
236 3422 417 3487 excusatius
439 3422 545 3487 facies.
587 3421 729 3486 Remitte
752 3422 874 3505 aliquid
897 3423 1079 3488 adulescen-

25 3535 47 3577 ιι
61 3511 128 3576 tiae
150 3511 262 3596 ipsius,
284 3512 412 3576 remitte
434 3511 584 3596 lacrimis,
606 3511 734 3576 remitte
752 3512 970 3598 indulgentiae
991 3516 1078 3595 tuae;
