2458 3940
134 161 199 224 332
570 158 597 213 C.
617 159 714 212 PLINI

133 346 237 406 nores,
261 324 416 407 capessite
440 324 617 407 civitatem3
639 323 801 386 neminem
819 321 882 386 hoc
904 321 1153 386 necessitudini-

134 414 194 477 bus
217 411 390 496 abruptum
413 413 503 477 velut
525 416 675 476 truncum
696 409 963 495 amputatumque
981 409 1153 494 destituet3

134 502 235 565 isdem
263 523 372 565 omnes
401 501 517 583 quibus
546 503 619 564 ante
647 499 846 586 pignoribus,
869 499 925 562 sed
946 499 1152 563 honestiores

133 590 345 674 perfruentur.

199 677 248 743 Ac
270 702 311 742 ne
334 679 516 743 remotioris
542 678 670 761 quidem
694 679 823 759 iamque
842 677 1020 742 deficientis
1044 677 1151 740 affini·
1177 701 1188 740 1

132 768 208 832 tatis
232 768 349 853 gradus
371 790 390 832 a
414 767 556 850 qualibet
580 767 758 852 quantitate
786 767 970 830 vicesimam
997 769 1036 829 ut
1058 767 1150 850 prius
1222 821 1223 826 ,

133 857 249 921 inferre
273 860 436 943 cogentur.
474 855 595 920 Statuit
614 857 699 920 enim
723 856 902 920 communis
922 854 1068 918 omnium
1093 877 1150 938 pa-

80 948 206 1014 40rens
230 968 397 1028 summam,
420 967 501 1028 quae
529 944 738 1028 publicanum
765 945 834 1028 pati
861 948 979 1026 posset.
1018 941 1151 1008 Carebit

134 1056 228 1098 onere
251 1035 420 1106 vicesimae
438 1057 536 1118 parva
560 1037 592 1097 et
612 1035 704 1098 exilis
722 1033 881 1097 hereditas
906 1036 947 1115 et,
966 1033 994 1096 si
1012 1033 1058 1096 ita
1077 1054 1150 1118 gra-
1222 1089 1223 1092 ,

132 1128 184 1190 tus
203 1124 294 1188 heres
313 1125 408 1206 volet,
426 1123 670 1207 tota'sepulcro,
690 1128 759 1187 tota
776 1121 882 1185 funeri
901 1123 1032 1204 serviet3
1049 1143 1149 1184 nemo
1164 1147 1186 1186 m
1222 1129 1223 1132 ’

133 1214 327 1295 1111111111,
341 1234 435 1276 nemo
451 1212 625 1296 castigator
638 1212 779 1278 adsistet.
808 1208 1005 1293 Cuicumque
1020 1211 1151 1274 modica

131 1303 266 1385 pecunia
281 1325 319 1366 ex
338 1301 514 1366 hereditate
533 1302 668 1366 alicuius
689 1301 862 1382 obvenerit,
881 1321 1010 1364 securus
1029 1299 1152 1363 habeat

96 1392 323 1474 aquietusque
345 1391 516 1474 possideat.
562 1388 611 1452 Ea
633 1391 686 1453 lex
708 1390 879 1454 vicesimae
907 1389 992 1453 dicta
1022 1392 1081 1470 est,
1111 1392 1151 1451 ut

132 1479 172 1543 ad
199 1480 378 1563 periculum
409 1480 476 1542 eius
506 1479 666 1561 perveniri
695 1479 758 1542 nisi
791 1478 906 1560 opibus
939 1498 1006 1540 non
1033 1478 1149 1560 possit.

133 1567 292 1633 Conversa
311 1573 359 1632 est
382 1568 535 1651 iniquitas
560 1568 594 1631 in
617 1567 875 1654 gratulationem,
894 1567 1011 1631 iniuria
1033 1567 1069 1628 in
1091 1587 1148 1630 vo·
1163 1591 1185 1630 15

96 1677 111 1723 3
131 1661 215 1741 tum,
238 1661 329 1738 optat
351 1656 452 1738 heres,
475 1660 511 1719 ut
534 1657 719 1720 vicesimam
743 1655 865 1719 debeat.
902 1653 1059 1719 Additum
1088 1660 1148 1736 est,

131 1750 176 1828 ut,
200 1746 257 1828 qui
280 1747 347 1808 eius
371 1745 459 1809 modi
483 1769 522 1808 111
546 1746 649 1809 causis
673 1745 708 1810 in
731 1745 814 1808 diem
839 1744 936 1808 edicti
959 1745 1148 1807 vicesimam

132 1833 292 1915 deberent,
316 1834 457 1898 nondum
477 1839 585 1898 tamen
604 1835 797 1917 intulissent,
814 1855 881 1897 non
899 1833 1063 1896 inferrent.
1100 1831 1149 1897 At

135 1924 169 1986 in
196 1923 402 2005 praeteritum
430 1924 599 1988 subvenire
634 1945 673 1986 ne
706 1922 739 1986 di
766 1922 895 2005 quidem
927 1926 1078 2005 possunt;
1109 1926 1147 1985 tu

131 2016 239 2075 tamen
269 2012 445 2076 subvenisti
474 2013 659 2094 cavistique,
687 2010 724 2074 vit
752 2011 910 2075 desineret
933 2011 1069 2094 quisque
1093 2010 1146 2074 de
1161 2037 1185 2074 so

130 2101 213 2184 bere,
238 2101 324 2184 quod
345 2122 409 2165 aaa
431 2106 514 2166 esset
536 2106 649 2184 postea
672 2099 845 2178 debiturus,
869 2100 902 2163 id
930 2104 978 2163 est
1001 2100 1147 2182 effecisti,

95 2207 170 2254 4ne
194 2190 295 2254 malos
319 2190 480 2274 principes
503 2190 735 2254 habuissemus.
775 2187 846 2264 Quo
871 2189 1011 2272 ingenio,
1039 2190 1068 2252 si
1090 2211 1146 2253 na·

131 2282 203 2342 tura
217 2283 388 2362 pateretur,
403 2301 499 2362 quam
513 2279 652 2343 libenter
669 2282 720 2342 tot
738 2278 894 2361 spoliatis,
911 2282 962 2342 tot
975 2277 1146 2342 trucidatis

95 2386 110 2432 5
131 2369 318 2453 sanguinem
343 2371 375 2431 et
396 2368 481 2432 bona
499 2368 684 2432 refudissesl
712 2365 855 2430 Vetuisti
873 2367 969 2452 exigi,
988 2367 1075 2448 qnod
1093 2367 1145 2430 de

131 2457 199 2520 beri
228 2479 294 2520 non
322 2461 379 2521 tuo
410 2457 537 2520 saeculo
564 2460 720 2539 coeperat.
761 2453 855 2519 Alius
882 2459 919 2518 ut
948 2456 1143 2520 contumaci·
1158 2481 1182 2520 11

130 2546 190 2609 bus
214 2546 402 2610 irasceretur
421 2545 669 2628 tarditatemque
689 2543 833 2609 solvendi
856 2543 947 2628 dupli
970 2544 1022 2607 vel
1044 2545 1144 2608 etiam

130 2635 301 2717 quadrupli
332 2635 527 2719 irrogatione
559 2634 720 2717 multaret,
751 2638 788 2697 tu
819 2633 902 2696 nihil
933 2634 1050 2697 referre
1085 2634 1144 2697 ini-

130 2723 262 2806 quitatis
286 2724 458 2807 existimas,
483 2723 601 2808 exigas,
625 2723 711 2806 quod
735 2722 842 2785 deberi
863 2743 931 2787 non
954 2723 1144 2806 oportuerit,

129 2835 170 2876 an
195 2813 379 2895 constituas,
402 2815 440 2876 ut
463 2812 622 2876 debeatur.

76 2899 121 2965 41
195 2899 299 2984 Feres,
324 2899 447 2984 Caesar,
470 2922 579 2965 curam
603 2904 635 2964 et
658 2900 906 2964 sollicitudinem
932 2901 1181 2964 consuleremur

129 2988 213 3054 Nam
242 2990 321 3054 mihi
350 2990 505 3076 cogitanti
533 2990 668 3053 eundem
696 2992 729 3053 te
756 2989 945 3053 collationes
972 2989 1142 3072 remisisse,

201 3189 214 3234 1
234 3181 489 3236 necessitudinibus
505 3183 602 3237 Mada.
617 3183 680 3236 adv.
690 3182 818 3248 111219,
837 3181 1053 3234 necessitudinis
1068 3183 1141 3251 oselp.

130 3259 144 3304 5
163 3253 320 3306 remotioris
334 3256 371 3318 A,
390 3255 491 3308 Baetr.
506 3271 536 3323 p.
548 3253 652 3318 XXII,
675 3252 809 3306 remotius
828 3259 886 3306 cett.
906 3252 993 3317 codd,
1017 3253 1141 3306 remotus

129 3324 210 3391 culp,
223 3324 495 3394 remoti-cogentur
510 3325 620 3390 Baelo„
636 3325 751 3393 cogetur
765 3329 799 3393 (o.
810 3325 967 3393 cogeretur)
977 3323 1039 3378 dete.
1054 3323 1141 3390 codd,

129 3394 200 3461 culp.
273 3400 288 3446 6
307 3397 340 3447 ut
352 3395 430 3462 prius
445 3397 481 3461 A,
496 3412 546 3450 om.
562 3402 619 3450 cett.
634 3395 711 3449 codd.
726 3402 752 3449 et
764 3394 823 3448 edd.
893 3399 908 3446 8
927 3396 1022 3464 posset
1036 3394 1140 3458 Moira,

130 3463 221 3584 1315,
231 3463 340 3586 {qrb}3
354 3465 445 3532 possit
458 3468 529 3536 culp.
604 3471 636 3518 26
655 3465 699 3518 vel
714 3466 800 3519 etiam
815 3467 851 3531 A,
868 3473 930 3520 vett.
945 3467 1014 3531 edd,
1030 3467 1141 3533 Bcebr„

128 3550 146 3583 v
277 3573 285 3597 ,
336 3575 342 3586 .
