2468 3938
111 179 154 243 60
547 178 574 233 Ο.
593 177 693 232 PLINI

112 343 226 426 optimi
241 337 367 425 meique
386 341 597 406 amantissimi
616 341 655 405 de
674 343 854 406 communis
874 341 973 405 officii
991 343 1133 407 necessi-

111 432 232 500 tatibus
254 431 433 515 praelocuti
456 451 606 495 excusare
629 452 681 494 me
705 435 738 495 et
762 431 899 494 eximere
917 435 1133 514 temptarunt.
1230 449 1231 452 ’

111 520 245 585 Factum
274 524 322 584 est
350 523 478 583 senatus
507 520 688 584 consultum
718 541 873 604 perquam
903 519 1133 604 honorificum,
1230 545 1231 584 l

111 613 150 673 ut
172 609 264 673 darer
286 609 537 692 provincialibus
560 612 724 692 patronus
748 609 776 672 si
798 609 839 673 ab
862 609 933 692 ipso
958 631 1009 673 me
1028 609 1135 692 impe·
1230 657 1231 692 ,

76 701 258 763 4111111111.
287 697 401 784 Legati
419 719 528 761 rursus
547 697 670 762 inducti
688 697 806 761 iterum
829 720 881 762 me
899 697 963 761 iam
982 719 1134 782 praesen·
1168 725 1181 765 1
1230 695 1231 748 l

112 792 177 851 tem
201 787 393 852 advocatum
415 785 659 869 postulaverunt
682 785 880 870 inplorantes
898 786 994 850 fidem
1012 807 1134 870 meam,
1230 829 1231 870 3

115 897 213 958 quam
237 880 342 940 essent
361 879 472 940 contra
491 874 630 938 Massam
649 874 806 939 Baebium
826 875 958 960 experti,
980 875 1135 961 adlegan-

112 968 161 1027 tes
179 964 350 1047 patrooinii
368 963 490 1028 foedus.
526 961 641 1029 Secuta
662 968 712 1028 est
729 968 858 1029 senatus
877 965 1052 1029 clarissima
1075 964 1134 1028 ad-

113 1052 228 1135 sensio,
242 1075 323 1136 quae
340 1053 422 1118 solet
436 1053 562 1118 decreta
575 1075 786 1136 praecurrere.
810 1051 892 1117 Tum
908 1075 968 1138 ego
984 1053 1133 1118 ‘Desino'

113 1143 245 1224 inquam
270 1142 387 1227 ‘patres
412 1143 594 1225 conscripti,
616 1146 730 1225 putere
752 1164 804 1206 me
827 1143 927 1206 iustas
951 1143 1180 1209 excusatio-10
1230 1139 1231 1148 ’

78 1232 162 1295 anis
186 1253 297 1296 causas
321 1231 486 1296 attulisse’.
532 1230 659 1295 Placuit
683 1235 714 1295 et
737 1230 894 1294 modestia
918 1233 1073 1296 sermonis
1098 1237 1134 1296 et

112 1321 204 1384 ratio.
237 1318 391 1404 Conpulit
409 1325 516 1384 autem
539 1342 591 1384 me
610 1319 731 1384 adhoc
750 1320 919 1384 consilium
939 1341 1005 1383 non
1024 1320 1133 1384 solum
1185 1341 1190 1350 ‘
1230 1331 1231 1350 ¹

114 1431 285 1474 consensus
310 1413 451 1492 senatus,
479 1430 673 1492 quamquam
700 1407 755 1473 hio
782 1410 934 1491 maxime,
960 1431 1072 1472 verum
1097 1414 1132 1474 et

114 1498 169 1561 alii
193 1499 323 1581 quidam
347 1498 500 1581 minores,
525 1497 579 1561 sed
602 1502 711 1562 tamen
733 1498 867 1562 numeri.
912 1496 1073 1562 Veniebat
1096 1498 1134 1562 in

113 1589 254 1650 mentem
272 1587 395 1669 priores
413 1590 541 1650 nostros
561 1587 658 1650 etiam
678 1587 878 1672 singulorum
897 1586 1062 1670 hospitum
1083 1587 1134 1650 in-
1151 1616 1179 1654 15
1230 1579 1231 1608 ³

114 1675 211 1738 iurias
234 1675 425 1739 voluntariis
449 1676 705 1740 accusationibus
729 1679 908 1760 exsecutos3
939 1697 1003 1758 quo
1027 1675 1133 1740 defor-

79 1763 199 1827 6mius
222 1762 401 1827 arbitrabar
423 1764 545 1846 publici
568 1764 702 1848 hospitii
725 1765 794 1829 iura
817 1765 994 1851 neglegere.
1036 1763 1134 1828 Prae·

114 1857 201 1916 terea
224 1873 297 1916 cum
320 1852 511 1936 recordarer,
535 1857 654 1936 quanta
676 1875 735 1937 pro
758 1852 860 1916 isdem
880 1853 1019 1926 Baeticis
1039 1875 1133 1937 supe-

114 1941 198 2005 riore
212 1940 421 2006 advocatione
435 1943 531 2006 etiam
546 1943 687 2026 pericula
702 1942 867 2025 subissem,
877 1942 1133 2008 conservandum
1230 1971 1231 2022 l

114 2031 230 2094 veteris
259 2030 359 2095 officii
381 2032 532 2094 meritum
561 2053 646 2095 novo
670 2029 846 2096 videbatur.
891 2030 953 2095 Est
976 2032 1061 2095 enim
1085 2033 1134 2097 ita
1150 2059 1179 2098 10

116 2123 345 2202 comparatum,
368 2123 405 2183 ut
423 2121 604 2202 antiquiora
622 2120 777 2184 beneficia
796 2119 970 2204 subvertas,
993 2120 1056 2184 nisi
1074 2119 1134 2185 illa

114 2207 344 2290 posterioribus
368 2210 519 2272 cumules.
560 2207 645 2273 Nam
670 2208 847 2290 quamlibet
869 2231 963 2293 saepe
987 2208 1135 2295 obligati,

116 2297 143 2359 si
167 2295 244 2379 quid
267 2318 367 2360 unum
390 2318 497 2381 neges,
519 2295 582 2361 hoc
601 2299 706 2362 solum
725 2299 949 2380 meminerunt,
974 2297 1135 2380 quodne·
1230 2307 1231 2360 ἶ

80 2389 227 2471 agotum
251 2389 307 2448 est.
348 2383 498 2450 Ducebar
522 2387 627 2470 etiam,
652 2385 738 2469 quod
761 2386 939 2451 decesserat
963 2385 1134 2471 Classicus,

115 2478 322 2558 amotumque
351 2477 432 2557 erat,
460 2474 546 2556 quod
573 2475 608 2539 in
636 2475 793 2539 eiusmodi
821 2476 924 2540 causis
953 2476 1035 2540 solet
1063 2497 1176 2542 essens

71 2609 73 2615 2
114 2563 349 2646 tristissimum,
378 2564 557 2646 perieulum
587 2565 749 2627 senatoris.
796 2562 954 2628 Videbam
978 2584 1054 2650 ergo
1079 2565 1135 2628 ad-

115 2652 276 2716 vocationi
299 2673 389 2716 meae
407 2672 473 2715 non
491 2653 648 2716 minorem
668 2653 814 2736 gratiam,
837 2675 933 2736 quam
958 2653 984 2716 si
1009 2655 1134 2717 viveret
1230 2685 1231 2700 1

79 2755 95 2803 8
115 2741 178 2824 ille,
201 2741 410 2825 propositam,
432 2740 587 2805 invidiam
609 2741 740 2806 nullam.
772 2739 812 2805 In
831 2763 955 2806 summa
979 2747 1134 2825 conputa-

116 2829 204 2912 bam,
239 2830 265 2892 si
293 2851 424 2894 munere
451 2829 514 2894 hoc
541 2831 605 2893 iam
633 2831 729 2894 tertio
758 2829 924 2916 fungerer,
953 2830 1133 2895 faciliorem
1230 2867 1231 2910 3

115 2917 197 2981 mihi
220 2920 458 2984 excusationem
488 2918 570 3001 fore,
599 2919 626 2983 si
650 2920 721 3002 quis
744 2919 917 3002 incidisset,
947 2941 1043 3002 quem
1065 2941 1134 2983 non
1148 2945 1176 2984 so
1230 2917 1231 2942 ¹

116 3005 265 3070 deberem
288 3028 444 3072 accusare.
490 3004 589 3090 Nam,
613 3029 686 3072 cnm
710 3012 758 3072 est
782 3009 926 3073 omnium
950 3007 1132 3072 officiorum

116 3094 189 3158 finis
213 3096 337 3178 aliquis,
360 3101 429 3161 tum
454 3097 575 3180 optime
598 3095 740 3160 libertati
758 3098 851 3162 venia
870 3097 1024 3179 obsequio
1043 3119 1134 3181 prae·
1230 3157 1231 3162 ,

82 3200 96 3246 1
116 3187 255 3267 paratur.
276 3182 404 3249 Audisti
420 3186 545 3249 consilii
559 3186 623 3249 mei
637 3190 754 3269 motus,
769 3189 913 3270 superest
926 3186 1079 3250 alterutra
1094 3208 1134 3252 ex
1230 3241 1231 3244 ,

117 3275 208 3354 parte
222 3272 376 3335 iudicium
390 3276 493 3356 tuum,
502 3274 537 3336 in
551 3294 615 3355 quo
630 3273 711 3337 mihi
725 3296 825 3357 aeque
839 3274 978 3340 iucunda
988 3275 1048 3338 erit
1059 3276 1133 3339 sim-

116 3358 243 3441 plicitas
258 3359 473 3424 dissentientis
488 3381 584 3442 quam
599 3361 827 3444 comprobantis
842 3364 1025 3428 auctoritas.
1041 3361 1132 3428 Vale.
1147 3389 1174 3428 11

122 3564 166 3619 on
189 3500 214 3618 82
215 3495 363 3618 91r9atrocini
378 3503 403 3550 et
422 3501 454 3548 17
473 3496 580 3566 hospiti
598 3515 632 3553 ec
647 3500 684 3552 M
692 3499 748 3554 VD
766 3499 835 3553 KJ.
897 3507 929 3554 18
944 3501 1037 3568 priore
1052 3502 1133 3567 Fra,

166 3580 182 3618 o
251 3605 257 3616 .
