2480 3942
358 153 616 256 EPISTULAXUM
632 154 672 208 IX
690 159 804 209 11-11.
1023 155 1089 222 243

74 315 227 401 Proinde,
249 338 322 383 cum
345 316 408 382 hoc
430 319 482 382 vel
504 318 585 382 illud
606 317 708 403 leges,
735 319 781 384 ita
808 319 942 404 singulis
965 321 1092 386 veniam
1110 337 1134 387 a

74 410 204 473 utnon
225 407 361 492 singulis
384 406 483 472 dabis.
519 404 573 472 An
596 408 708 472 ceteris
732 408 854 472 artibus
878 410 1039 474 excusatio
1058 411 1094 474 in

73 516 224 578 numere,
243 496 359 562 litteris
378 496 488 560 durior
505 497 567 580 lex,
589 496 624 562 in
643 497 760 580 quibus
779 497 942 560 difficilior
961 497 1092 563 effectus

75 584 149 648 est?
186 583 270 660 Quid
293 588 400 650 autem
424 607 483 670 ego
508 586 546 649 de
569 585 663 649 venia
685 587 777 669 quasi
799 587 966 670 ingratus?
998 586 1092 672 Nam,

43 703 56 742 s
74 674 105 736 si
129 695 166 737 ea
188 673 343 740 facilitate
366 675 513 758 proxima
536 674 694 758 acceperis
719 697 782 759 qna
803 677 920 759 priora,
942 677 1012 742 laus
1035 699 1097 760 po·-

72 763 141 826 tius
166 763 321 846 speranda
344 785 439 847 quam
463 764 556 828 venia
579 764 782 828 obsecranda
797 769 854 830 111.
883 763 966 829 Mihi
983 770 1092 830 tamen

73 852 171 916 venia
195 852 323 917 sufficit.
368 851 458 916 Vale.

536 982 627 1042 XXX.

339 1078 367 1130 c.
390 1082 530 1131 1111111
555 1083 689 1130 camno
714 1083 779 1131 suo
804 1084 830 1132 1.

29 1203 55 1242 10
142 1169 268 1237 Laudas
298 1173 379 1237 mihi
408 1177 441 1239 et
469 1173 653 1257 frequenter
682 1195 831 1257 praesens
862 1179 894 1238 et
921 1195 1007 1238 nunc
1033 1193 1124 1258 perl

72 1261 228 1344 epistulas
250 1260 396 1326 Nonium
418 1266 521 1346 tuum,
545 1263 631 1346 quod
650 1263 691 1326 sit
709 1263 853 1328 liberalis
871 1264 906 1327 in
925 1263 1088 1346 quosdam.

70 1349 119 1413 Et
142 1349 210 1433 ipse
233 1350 339 1434 laudo,
362 1352 389 1415 11
412 1355 521 1416 tamen
543 1373 610 1416 non
631 1353 666 1416 in
687 1351 748 1416 hos
768 1352 862 1416 solos.
895 1351 980 1416 Volo
1004 1354 1089 1416 enim

72 1460 159 1522 eum,
181 1440 237 1523 qui
257 1441 298 1504 sit
316 1462 389 1504 vere
407 1441 558 1524 liberalis,
581 1440 722 1506 tribuere
739 1442 871 1524 patriae,
890 1442 1094 1525 propinquis,

72 1527 248 1613 adfinibus,
272 1530 396 1613 amicis,
426 1530 482 1594 sed
505 1530 615 1594 amicis
639 1529 710 1594 dico
734 1531 938 1614 pauperibus,
959 1552 1026 1594 non
1053 1535 1090 1594 ut

29 1649 56 1688 15
71 1617 143 1700 isti,
175 1618 231 1700 qui
253 1617 292 1682 iis
320 1619 524 1702 potissimum
553 1619 686 1702 donant,
719 1619 775 1702 qui
803 1620 920 1684 donare
950 1620 1090 1684 maxims

64 1711 217 1790 possunt.
262 1711 329 1771 Hos
353 1729 412 1792 ego
435 1708 565 1772 viscatis
588 1708 791 1792 hamatisque
813 1708 1000 1773 muneribus
1023 1726 1123 1773 nona

72 1817 132 1858 sua
155 1816 301 1878 promere
323 1801 412 1880 puto,
435 1797 491 1861 sed
514 1795 619 1861 aliena
640 1797 811 1880 corripere.
853 1797 936 1862 Sunt
958 1797 1089 1883 ingenio

72 1884 186 1966 simili,
210 1885 274 1968 qui,
298 1887 384 1969 quod
406 1886 482 1950 huic
506 1886 639 1967 donant,
662 1886 812 1950 auferunt
834 1887 882 1949 illi
905 1887 1089 1970 famamque

68 1972 275 2043 liberalitatis
307 1975 440 2039 avaritia
470 1979 592 2059 petunt.
638 1974 782 2039 Primum
811 1980 859 2039 est
890 1979 997 2039 autem
1030 1991 1124 2040 1113

28 2083 143 2132 111111
167 2066 362 2147 contentum,
388 2063 510 2148 deinde,
534 2085 614 2147 quos
637 2065 807 2147 praecipue
831 2064 913 2127 scias
937 2064 1089 2149 indigere,

71 2154 306 2216 sustentantem
342 2153 569 2235 foventemque
611 2154 687 2218 orbe
724 2152 862 2237 quodam
900 2153 1088 2216 socialitatis

70 2241 204 2306 ambire.
249 2238 336 2317 Quae
364 2246 480 2307 cuncta
508 2242 536 2305 11
561 2242 640 2306 facit
662 2243 736 2325 iste,
765 2263 995 2325 usquequaque
1018 2242 1089 2305 lau·
1139 2302 1146 2320 ,

71 2329 196 2394 dandus
219 2334 276 2414 est,
299 2331 326 2394 si
348 2353 449 2394 unum
469 2330 600 2414 aliquid,
623 2330 729 2394 minus
749 2330 888 2414 quidem,
909 2329 1088 2394 laudandus

69 2424 190 2483 tamen.
235 2418 315 2484 Tam
338 2442 445 2484 rarum
470 2424 518 2484 est
541 2420 637 2483 etiam
663 2419 857 2503 inperfectae
884 2419 1123 2483 liberalitatis4

29 2538 55 2576 11
71 2509 243 2591 exemplar.
275 2507 325 2572 lla
342 2509 461 2574 invasit
483 2509 630 2572 homines
649 2509 789 2573 habendi
808 2509 934 2592 cupido,
956 2512 993 2571 ut
1016 2529 1088 2591 pos·

71 2597 174 2684 sideri
192 2597 294 2682 magis
319 2620 415 2682 quam
438 2598 601 2681 possidere
623 2598 800 2662 videantur.
846 2596 935 2661 Vale.

526 2763 632 2820 XXXI.

345 2861 372 2910 O.
396 2862 535 2910 PLINIUS
559 2862 673 2910 SARDO
697 2862 763 2911 SUO
788 2861 814 2910 S.
847 2867 850 2872 “

138 2951 314 3036 Postquam
334 2977 353 3017 a
370 2957 402 3017 te
417 2953 543 3035 recessi,
561 2975 628 3017 non
645 2953 751 3017 minus
770 2955 877 3016 tecum
891 2973 970 3036 sura,
990 2974 1085 3036 quam
1106 2968 1120 3016 1

29 3072 55 3109 ao
70 3064 146 3106 cum
170 3042 210 3105 ad
233 3045 265 3105 te
287 3042 344 3106 fui.
384 3039 465 3127 Legi
489 3043 574 3106 enim
589 3042 711 3106 librum
735 3045 827 3104 tuum
847 3041 1020 3105 identidem
1039 3063 1086 3104 re-

68 3135 183 3216 petens
213 3153 250 3195 ea
279 3132 418 3195 maxime
448 3128 529 3218 (non
559 3131 643 3194 enim
674 3128 839 3216 mentiar),
868 3152 948 3213 quae
972 3129 1011 3193 de
1033 3151 1085 3192 me

69 3221 238 3303 scripsisti,
260 3220 294 3283 in
318 3221 434 3303 quibus
458 3221 586 3304 quidem
610 3221 816 3304 percopiosus
839 3219 938 3283 fuisti.
982 3217 1085 3296 Quam

68 3311 187 3393 multa,
219 3331 316 3392 quam
344 3310 445 3393 varia,
478 3332 573 3392 quam
596 3331 663 3373 non
690 3308 800 3372 eadem
830 3308 868 3372 de
892 3309 1003 3372 eodem
1026 3329 1086 3372 nec

143 3473 159 3520 ὁ
177 3467 247 3521 haec
265 3466 393 3537 proxima
411 3485 437 3521 a.
510 3471 543 3519 21
568 3465 712 3520 societatis
730 3484 757 3532 a,
772 3466 851 3533 K.I,·
872 3485 896 3522 1.
916 3467 987 3536 disp.
995 3466 1035 3519 ΙΙ
1039 3469 1084 3519 21.

69 3545 103 3593 29
125 3557 187 3592 sum
205 3539 269 3594 add.
339 3543 372 3592 30
392 3537 468 3607 apud
486 3540 515 3592 te
533 3554 606 3604 rsa,
625 3538 712 3592 ΚΙΙ.

869 3626 920 3680 16*
