2480 3942
167 184 233 249 300
273 183 300 238 C.
320 184 419 238 PLINI
436 185 483 238 ET
502 183 651 237 TRAJANI
670 183 927 238 EPISTULARUM
948 190 1097 240 lla—121.

167 339 261 430 mihi,
285 350 312 412 si
336 352 410 412 ante
433 349 592 414 iselastica
614 370 681 412 non
702 348 846 430 fuerunt,
867 352 953 412 retro
976 370 1044 412 non
1068 349 1181 414 deben-

167 441 227 500 tur.
273 436 343 500 Nec
373 437 528 521 proficere
555 458 614 521 pro
647 436 802 508 desiderio
835 439 1028 502 athletarum
1066 442 1181 522 potest,

168 526 254 608 quod
277 547 398 608 eorum,
422 548 503 609 quae
526 529 638 610 postea
660 527 821 608 iselastica
843 547 909 590 non
932 548 1000 591 esse
1019 529 1181 610 constitui,
1220 515 1221 560 ³

168 637 263 697 quam
287 616 442 696 vicerant,
471 616 614 698 accipere
637 614 806 680 desierunt.
851 615 976 680 Mutata
999 617 1086 680 enim
1112 638 1180 681 con·

168 704 292 792 dicione
312 705 521 768 certaminum
535 704 637 768 nihilo
651 705 767 788 minus,
791 725 872 786 quae
891 708 966 769 ante
983 711 1180 790 peregerant,
1202 731 1211 769 r

168 803 241 856 non'
256 797 455 857 revocantur.
530 869 532 876 y

554 921 639 981 CXX.
664 916 795 1001 [cxxi]

367 1023 395 1070 c,
419 1023 558 1070 Puuuus
583 1023 735 1071 TRAIANO
760 1024 985 1072 IMPERATORI.
1220 1079 1221 1098 ,

132 1128 145 1174 ι
233 1111 343 1197 Usque
367 1115 401 1177 in
422 1115 486 1177 hoc
507 1116 645 1197 tempus,
668 1113 808 1196 domine,
831 1135 935 1197 neque
963 1115 1115 1197 cuiquam
1129 1116 1180 1178 ¹di·

166 1203 309 1285 plomata
324 1203 524 1266 commodavi
538 1224 641 1286 neque
656 1204 691 1266 in
707 1225 779 1278 rem
794 1203 892 1290 ullam
912 1204 976 1268 nisi
993 1206 1084 1267 tuam
1100 1205 1179 1268 misi.
1192 1199 1221 1268 u*

167 1291 270 1367 Quam
292 1294 480 1375 perpetuam
504 1292 716 1355 servationem
739 1314 842 1360 meam
868 1291 1023 1374 quaedam
1047 1295 1180 1357 necessi-

131 1384 215 1451 atas
234 1382 330 1464 rupit.
375 1378 478 1453 Uxori
501 1381 585 1444 enim
609 1403 698 1444 meae
722 1380 831 1444 audita
853 1384 957 1446 morte
984 1382 1038 1444 avi
1060 1382 1180 1445 volenti

139 1489 140 1492 ’
166 1471 205 1533 ad
229 1471 361 1533 amitam
385 1475 486 1533 suam'
499 1489 665 1534 excurrere
682 1491 777 1533 usum
797 1491 907 1534 eorum
928 1491 1047 1555 negare
1066 1470 1180 1556 durum

165 1560 286 1642 putavi,
310 1579 382 1621 oum
406 1559 480 1622 talis
504 1558 604 1622 officii
626 1557 730 1643 gratia
749 1559 783 1622 in
804 1560 965 1623 celeritate
984 1560 1180 1640 consisteret,
1220 1599 1221 1622 3

167 1649 344 1730 sciremque
361 1651 393 1710 te
411 1648 569 1711 rationem
588 1648 711 1712 itineris
729 1648 950 1730 probaturum,
971 1649 1062 1714 cuius
1087 1668 1180 1712 causa
1192 1625 1221 1720 cl

166 1740 234 1799 erat
256 1737 367 1818 pietas.
400 1735 489 1800 Haec
511 1737 573 1800 tibi
591 1737 712 1820 scripsi,
736 1737 915 1819 quiamihi
932 1759 1047 1820 parum
1069 1741 1179 1822 gratus
1220 1747 1221 1812 l

165 1826 234 1888 fore
257 1824 397 1907 videbar,
421 1825 722 1890 si'dissimulassem
745 1827 829 1890 inter
854 1825 916 1889 alia
941 1825 1098 1889 beneficia
1121 1827 1180 1889 hoc

167 1935 294 1996 quoque
317 1935 368 1978 me
391 1914 506 1978 debere
529 1914 747 2000 indulgentiae
765 1917 848 1998 tuae,
872 1914 959 1997 quod
975 1914 1096 1979 fiducia
1114 1916 1179 1979 eius
1220 1899 1221 1958 l

166 2002 360 2086 quamquam
384 2003 566 2067 inconsulto
589 2006 622 2067 te
644 2024 711 2067 non
734 2003 879 2066 dubitavi
901 2002 1015 2087 facere,
1039 2025 1131 2086 quae,
1155 2005 1179 2067 si
1220 2047 1221 2052 .

166 2092 405 2176 consuluissem,
430 2112 499 2156 sero
522 2093 677 2156 fecissem.
1192 2095 1221 2156 20³

537 2255 637 2314 oxu.
663 2251 809 2336 [cinni]
915 2301 917 2304 .

509 2357 681 2406 TRAIANUS
705 2358 834 2405 PLINIO.
1220 2323 1221 2412 l

232 2447 346 2512 Merito
370 2446 521 2531 habuisti,
546 2445 693 2512 Secunde
716 2448 888 2529 carissime,
910 2447 1059 2511 fiduciam
1080 2447 1179 2511 animi
1220 2425 1221 2508 l

165 2539 238 2620 mei,
260 2537 359 2620 †nec
378 2536 588 2610 dubitandum
607 2537 716 2620 fuisse,
735 2537 762 2600 si
776 2539 984 2620 expectasses,
1008 2536 1111 2601 donec
1128 2558 1179 2600 me

166 2625 360 2708 consuleres,
383 2648 424 2690 an
446 2627 508 2689 iter
529 2627 639 2690 uxoris
662 2629 736 2689 tuae
760 2625 1005 2708 diplomatibus,
1028 2647 1112 2708 quae
1136 2625 1179 2689 of·
1192 2633 1221 2688 eal

165 2716 238 2778 ficio
261 2718 318 2778 tuo
343 2714 429 2798 dedi,
460 2714 675 2778 adiuvandum
704 2717 800 2796 esset,
833 2733 906 2777 cum
934 2714 1019 2796 apud
1047 2715 1179 2778 amitam

166 2826 256 2868 suam
284 2825 366 2867 uxor
395 2807 451 2867 tua
479 2803 608 2867 deberet
636 2804 733 2867 etiam
764 2803 925 2866 celeritate
955 2803 1094 2888 gratiam
1127 2804 1180 2867 ad-

165 2896 281 2957 ventus
305 2893 355 2957 sui
378 2913 502 2977 augere.
974 2902 976 2906 ’

237 3091 252 3137 3
272 3085 348 3152 quod
367 3101 470 3168 eorum,
494 3102 520 3152 q.
540 3102 566 3152 p.
585 3083 646 3137 isel.
670 3063 726 3166 non
749 3099 810 3137 esse
829 3084 925 3150 coust,
949 3101 1034 3152 quam
1052 3082 1179 3166 vicerant
1220 3101 1221 3172 q

166 3158 300 3224 Schoefer,
319 3157 405 3222 KH,
424 3155 493 3224 qu1d
511 3171 575 3220 eor,
595 3171 620 3222 q.
640 3173 667 3224 p.
686 3172 719 3208 rs.
739 3171 795 3208 non
817 3153 881 3225 lege
904 3155 1001 3220 const,
1025 3171 1112 3222 quam
1130 3173 1178 3224 qui
1220 3173 1221 3190 ¹

165 3228 307 3294 ierantA,
325 3245 386 3282 com
404 3227 564 3282 aorem.
638 3231 671 3280 15
689 3227 718 3280 te
734 3226 831 3281 Geton.
851 3245 878 3294 c,
896 3244 947 3281 om.
963 3228 1000 3280 K.
1073 3233 1106 3280 17
1126 3226 1178 3280 hoc
1220 3281 1221 3296 ἶ

166 3313 277 3365 quoque
294 3313 339 3351 me
355 3298 467 3363 Gesner,
486 3298 524 3351 K.
530 3299 573 3364 II,
591 3296 644 3350 hoc
657 3313 714 3352 unc
730 3297 805 3366 quod
819 3313 865 3351 me
879 3299 916 3364 A,
933 3297 987 3380 hoc
1000 3314 1090 3350 unum
1102 3297 1177 3365 quod
1220 3307 1221 3326 ¹

165 3366 1176 3509 ldldedffddldcsddllblibildcblejddadsdiohfbbidsbffdiegpllldommdffffii

563 3622 775 3630 *-
