2458 3940
330 153 584 210 renueremus
604 159 712 212 111-
724 160 764 210 ro.
776 172 796 211 1.
1006 155 1071 220 359

128 317 246 402 (lepisti
266 322 374 384 tamen
388 322 420 382 et
438 318 571 383 affectus
584 320 687 384 nostri
700 323 734 383 et
747 319 859 384 iudicii
876 317 1124 402 experimen-69

55 413 139 492 tum,
162 412 317 491 quantum
340 408 516 472 maximum
540 430 689 490 praesens
713 429 825 492 capere
847 409 992 493 potuisti,
1014 409 1071 473 illo

57 498 120 580 die,
143 519 207 580 quo
231 496 441 562 sollicitudini
463 495 642 580 pudorique
665 497 907 563 candidatorum
930 499 975 563 ita
999 518 1073 562 oon-

58 586 198 669 suluisti,
225 609 265 651 ne
292 585 390 650 ullius
418 586 571 671 gaudium
599 587 730 651 ulterius
758 587 890 652 tristitia
918 589 1072 652 turbaret.

30 673 127 744 eslii
150 696 222 740 cum
245 676 377 758 laetitia,
400 675 455 738 1111
478 696 551 739 cum
573 697 628 758 spe
646 680 854 759 recesserunt,
872 677 983 741 multis
1002 699 1073 762 gra-

55 765 236 846 tulandum,
263 786 358 828 nemo
387 763 599 828 consolandus
626 764 697 829 fuit.
736 763 806 830 Nec
838 765 909 830 ideo
943 767 1107 851 segniuaa

55 854 189 919 iuvenes
211 857 339 917 nostros
361 853 546 918 exhortatus
566 875 609 937 es,
628 858 775 919 senatum
793 855 1006 938 circumirent,
1026 877 1072 919 se-

56 943 150 1007 natui
177 943 396 1026 supplicarent
423 945 520 1024 atque
546 942 634 1006 1111
661 944 806 1027 principe
829 948 995 1028 sperarent
1016 944 1073 1009 ho-

55 1053 162 1114 nores,
185 1031 212 1095 si
236 1055 254 1095 1
277 1035 390 1096 senatu
413 1031 575 1113 petissent
622 1030 692 1108 Quo
721 1032 850 1115 quidem
878 1035 913 1097 in
939 1035 1021 1117 loco,
1044 1034 1072 1097 si
1092 1049 1107 1096 3

17 1149 42 1190 ιο
56 1119 176 1204 quibus
200 1141 281 1203 opus
305 1121 461 1204 exemplu,
484 1119 638 1204 adiecisti,
661 1124 698 1184 ut
721 1125 753 1186 te
771 1123 982 1186 imitarentur.
1012 1119 1071 1185 Ar-

56 1211 168 1292 duum,
192 1207 315 1293 ansar,
338 1208 530 1292 exemplum,
560 1213 592 1272 et
620 1209 707 1293 quod
730 1211 850 1275 imitari
876 1233 943 1275 non
970 1211 1073 1296 magis

56 1299 230 1382 quisquam
255 1298 497 1364 candidatorum
522 1320 618 1381 quam
642 1299 827 1383 principum
850 1300 962 1383 possit.
995 1298 1072 1376 Quis

55 1389 145 1452 enim
168 1388 220 1451 rel
242 1409 307 1451 uno
331 1388 382 1450 die
404 1388 600 1452 reverentior
622 1391 751 1452 senatus
770 1388 957 1453 candidatus
977 1411 1073 1471 quam

54 1481 93 1541 tu
120 1498 193 1541 cum
217 1477 305 1540 omni
327 1477 487 1540 vitatum
510 1477 566 1540 illo
590 1476 662 1559 ipso
684 1480 839 1562 tempore,
863 1499 926 1562 quo
951 1478 1073 1542 iudicas

17 1595 41 1634 15
55 1567 96 1631 de
122 1565 320 1630 candidatis?
357 1564 410 1629 An
434 1565 522 1628 aliud
544 1569 613 1629 ate
632 1587 728 1648 quam
748 1571 878 1631 senatus
895 1566 1108 1631 reverentiae

56 1655 210 1738 obtinuit,
223 1659 260 1719 ut
276 1654 447 1718 iuvenibus
462 1654 656 1718 clarissimae
674 1656 780 1740 gentis
799 1656 944 1721 debitum
963 1656 1073 1742 generi

54 1745 224 1824 honorem,
247 1744 399 1808 sedante
423 1765 519 1826 quam
543 1743 718 1826 deberetur,
743 1745 895 1810 offerres?
931 1745 1073 1809 Tandem
1093 1761 1108 1808 c

55 1855 135 1919 ergo
164 1833 317 1897 nobilitas
345 1854 411 1896 non
438 1832 635 1916 obscuratur,
664 1833 719 1897 sed
741 1833 923 1899 illustratur
945 1857 964 1898 a
987 1833 1073 1918 prin-

56 1923 139 2006 cipe,
171 1922 300 1986 tandem
332 1921 407 1985 illos
439 1921 619 2006 ingentium
651 1923 792 1987 virorum
825 1927 969 2007 nepotes,
1000 1925 1075 1988 illos

15 2039 42 2078 1ο
57 2015 208 2096 posteros
235 2010 393 2075 libertatis
421 2031 481 2074 nec
509 2015 607 2075 terret
636 2008 751 2074 Caesar
777 2033 836 2076 nec
863 2015 968 2095 pavet,
996 2012 1075 2095 quin

56 2103 160 2165 immo
185 2099 346 2164 'festinatis
376 2098 553 2164 honoribus
584 2100 759 2182 amplificat
791 2104 886 2184 atque
916 2104 1013 2186 auget
1043 2104 1075 2164 et

55 2189 236 2254 maioribus
255 2189 321 2252 suis
339 2189 451 2252 reddit.
480 2186 515 2252 Si
535 2189 612 2272 quid
630 2210 766 2271 usquam
786 2190 895 2272 stirpis
914 2190 1075 2272 antiquae,

56 2281 85 2343 si
110 2278 190 2362 quid
216 2278 361 2341 residuae
389 2278 553 2361 claritatis,
580 2277 644 2341 hoc
672 2278 875 2360 amplexatur
897 2281 928 2342 et
950 2278 1075 2342 refovet

56 2373 90 2432 et
114 2369 149 2430 in
172 2389 266 2431 usum
288 2368 336 2431 rei
357 2365 506 2450 publicae
529 2366 657 2449 promit.
705 2364 788 2431 Sunt
815 2368 849 2431 in
871 2367 993 2431 honore
1015 2366 1107 2431 hoe

16 2458 185 2524 seminum
213 2460 245 2520 et
272 2455 306 2520 in
339 2478 394 2520 ore
422 2456 526 2520 famae
556 2477 673 2540 magna
702 2457 834 2521 nomina
864 2479 904 2521 ex
932 2456 1073 2520 tenebris

57 2545 234 2610 oblivionis
265 2544 466 2630 indulgentia
501 2543 658 2628 Caesaris,
694 2546 784 2609 cuius
821 2546 900 2610 haec
935 2545 1073 2609 intentio

56 2639 117 2719 est,
141 2637 178 2696 ut
199 2633 325 2698 nobiles
349 2637 381 2698 et
404 2637 572 2698 conservet
595 2637 626 2697 et
650 2634 778 2699 efficiat.

125 2721 312 2787 Praefuerat
335 2721 518 2805 provinciae
545 2727 696 2805 quaestor
723 2745 806 2788 unus
835 2746 874 2788 ex
897 2723 1073 2789 candidatis
1082 2721 1127 2788 70

56 2814 159 2896 inque
182 2834 219 2876 ea
242 2811 382 2877 civitatis
408 2813 623 2895 amplissimae
650 2812 772 2876 reditus
802 2814 930 2898 egregia
958 2813 1074 2877 consti-

15 2928 41 2968 ao
56 2902 186 2967 tutione
208 2901 406 2965 fundaverat.
453 2899 526 2965 Hoc
554 2901 678 2965 senatui
712 2901 915 2986 allegandum
943 2903 1108 2985 putastis

58 2989 126 3055 Gur
144 2991 230 3054 enim
248 2993 280 3054 te
299 2991 453 3074 principe,
472 2990 528 3073 qui
546 2990 672 3075 generis
691 2991 741 3053 tui
759 2991 937 3055 claritatem
954 2991 1074 3054 virtute

57 3080 227 3164 superasti,
251 3079 390 3143 deterior
412 3082 496 3143 esset
523 3078 669 3144 condicio
697 3099 819 3163 eorum,
846 3081 903 3162 qui
929 3084 1074 3163 posteros

133 3260 165 3308 17
181 3256 313 3321 etanteq.
323 3255 425 3308 Bactr.
467 3259 501 3307 22
516 3253 635 3307 maiores
645 3253 800 3307 maioribus
810 3255 935 3308 Eussner
943 3254 1073 3308 Mediceis.

55 3330 296 3382 aom.1886.114.
369 3329 403 3378 25
426 3341 473 3379 ore
492 3325 564 3392 Lio,
583 3325 694 3391 Boetr,
714 3326 827 3391 Damon,
846 3325 951 3378 honore
969 3326 1042 3395 vulp.

57 3403 92 3452 26
117 3396 195 3452 Caes.
220 3398 327 3451 1111111
351 3397 466 3463 Baete,
490 3398 617 3450 extracta
641 3397 734 3466 Ilipa,
760 3396 883 3450 excitata
911 3412 945 3450 ex
966 3395 1073 3450 tenebr.

55 3471 129 3524 coni.
149 3471 188 3524 K.
202 3471 281 3538 prob.
306 3500 338 3508 —
362 3467 433 3521 haec
451 3467 571 3521 intentio
592 3468 635 3521 est
653 3469 690 3534 A,
708 3467 778 3521 haec
796 3468 837 3521 vis
857 3468 944 3535 ΚΠ,
962 3468 1073 3533 Raebr,

56 3541 129 3595 haec
148 3540 218 3611 (hec,
237 3540 301 3609 hoe)
319 3546 377 3594 cett.
396 3539 483 3604 codd,
504 3540 558 3592 hoc
576 3541 620 3593 est
638 3539 772 3606 Schwura,
792 3540 860 3594 KJ.
