2458 3940
152 144 218 208 316
587 143 614 198 Ο.
634 144 733 198 PLINI
851 147 852 150 ’

153 310 237 372 circa
259 307 401 390 hospitia
423 307 603 391 fastidium3
625 328 753 370 annona
776 329 857 390 quae
881 308 1008 392 ceteris,
1035 307 1076 371 ad
1103 308 1168 372 hoc
1221 309 1222 338 ³

152 398 323 461 comitatus
338 398 500 460 accinctus
515 400 547 460 et
560 418 684 480 parens.
707 395 837 460 Diceres
852 416 1006 480 magnum
1024 395 1166 479 aliquem

153 486 266 549 ducem
290 506 327 548 ac
349 489 381 548 te
404 486 611 568 potissimum
634 486 673 548 ad
702 487 860 549 exercitus
888 487 948 569 ire3
976 486 1055 549 adeo
1081 486 1167 549 nihil

152 578 209 638 aut
231 578 316 638 certe
339 597 452 657 parum
476 575 630 639 intererat
646 575 731 662 inter
749 575 975 658 imperatorem
992 575 1115 638 factum
1134 580 1168 639 et

116 679 133 726 4
150 665 304 728 futurum.
333 662 434 738 Quam
454 663 618 728 dissimiiis
634 685 737 746 nuper
750 664 880 727 alterius
894 664 1049 747 principis
1063 666 1167 728 trans-
1195 692 1206 730 5

152 753 230 816 itus!
259 753 286 817 si
313 756 422 816 tamen
452 753 606 816 transitus
630 752 694 833 ille,
717 773 783 816 non
808 754 975 837 populatio
998 753 1070 836 fuit,
1093 773 1168 816 cum

151 842 174 922 t
197 840 328 905 abactus
351 840 528 924 hospitium
553 845 721 924 exerceret,
740 843 911 924 omniaque
930 843 1041 906 dextra
1062 843 1169 906 laeva-

152 952 213 1012 que
236 933 366 1013 perusta
389 933 421 993 et
444 931 563 1013 attrita,
582 935 619 994 ut
637 931 665 994 si
683 932 732 994 vis
751 932 858 1014 aliqua
876 931 928 994 vel
946 932 1010 1015 ipsi
1028 931 1076 994 illi
1096 932 1169 996 bar·
1221 967 1222 972 κ

152 1020 229 1101 bari,
244 1040 324 1101 quos
338 1019 492 1104 fugiebat,
506 1020 692 1084 inciderent.
715 1019 976 1084 Persuadendum
991 1021 1168 1103 provinciis

116 1112 219 1172 aeret
242 1108 322 1171 illud
345 1109 406 1172 iter
429 1107 607 1173 Domitiani
628 1109 737 1191 fuisse,
760 1131 827 1172 non
849 1109 1012 1192 principis.
1050 1106 1167 1192 Itaque
1181 1138 1204 1176 a

150 1219 216 1260 non
242 1200 309 1261 tam
336 1219 395 1280 pro
423 1202 480 1261 tna
508 1199 611 1283 gloria
635 1220 730 1280 quam
754 1219 812 1280 pro
836 1199 976 1262 utiJitate
1000 1200 1167 1262 communi
1221 1235 1222 1254 ι

150 1287 254 1350 edicto
279 1287 453 1368 subiecisti,
476 1287 554 1368 quid
576 1288 611 1350 in
633 1289 807 1368 utrumque
829 1291 971 1350 vernum
1000 1290 1083 1350 esset
1106 1289 1169 1350 im·
1221 1297 1222 1380 q

149 1397 293 1459 pensum.
334 1374 507 1439 Assuescat
533 1377 708 1459 imperator
736 1396 809 1439 cum
836 1376 971 1459 imperio
1006 1375 1169 1439 calculum
1221 1391 1222 1454 j

100 1503 102 1512 ι
149 1486 281 1548 ponere3
305 1465 350 1528 sic
373 1468 473 1546 exeat,
497 1465 544 1529 sic
565 1464 676 1528 redeat
692 1468 858 1546 tamquam
880 1465 1038 1528 rationem
1060 1464 1167 1528 reddi-

115 1571 130 1617 6
150 1557 254 1638 turam
279 1553 391 1636 edicat,
414 1553 492 1636 quid
515 1553 737 1638 absumpserit.
773 1550 823 1616 Ita
845 1554 911 1636 fiet,
928 1557 966 1616 ut
985 1574 1052 1616 non
1069 1554 1206 1620 absa-15

149 1645 225 1724 mat,
249 1643 335 1725 quod
357 1642 476 1726 pudeat
501 1642 631 1706 edicere.
668 1641 836 1706 Praeterea
862 1643 965 1706 futuri
992 1643 1167 1726 principes,
1221 1647 1222 1698 t

149 1731 250 1793 velint
268 1732 382 1813 nolint,
401 1733 504 1794 sciant
521 1731 641 1813 ttanti
659 1735 752 1794 tuum
772 1734 907 1814 constat,
924 1731 1168 1814 propositisque

150 1818 275 1882 dnobus
307 1821 462 1903 exemplis
490 1821 694 1884 meminerint
725 1820 857 1902 perinde
880 1822 1097 1884 coniecturam
1125 1821 1170 1886 de

149 1908 292 1972 moribus
312 1907 378 1972 suis
396 1909 543 1972 homines
563 1930 631 1973 esse
649 1909 801 1991 facturos,
817 1912 914 1992 prout
931 1909 994 1972 hoc
1012 1908 1063 1972 vel
1082 1910 1170 1974 illud
1221 1953 1222 2020 ,

149 1998 198 2061 ele
222 1999 312 2060 erint.
1184 2029 1222 2067 ει

97 2084 140 2150 21
199 2019 332 2151 gNonne
355 2087 406 2151 his
429 2090 479 2150 tot
501 2088 665 2170 tantisque
687 2087 811 2150 meritis
832 2107 934 2150 novos
957 2087 1083 2170 diquon
1107 2088 1171 2152 ho

104 2205 106 2209 v
149 2197 253 2258 nores,
275 2197 377 2240 novos
400 2175 514 2239 titulos
533 2176 717 2240 merebere?
753 2175 800 2240 At
817 2179 854 2239 tu
870 2176 970 2240 ¹etiam
988 2177 1090 2260 patris
1109 2199 1171 2259 pa-

149 2265 230 2328 triae
252 2265 430 2330 recusabas.
472 2263 574 2340 Quam
596 2266 694 2350 longa
717 2265 811 2329 nobis
835 2287 908 2329 cum
927 2265 1086 2329 modestia
1107 2271 1171 2329 tue

113 2356 269 2438 opugnat
294 2375 390 2436 quam
417 2354 506 2418 tarde
534 2354 683 2418 vicimus!
719 2352 848 2418 Nomen
874 2354 965 2437 illud,
992 2352 1080 2437 quod
1107 2356 1169 2418 alii
1221 2361 1222 2372 ¹

147 2442 252 2524 primo
271 2443 381 2506 statim
399 2443 599 2526 principatus
619 2443 670 2506 die
692 2445 729 2506 ut
747 2443 948 2526 imperatoris
968 2447 1001 2507 et
1019 2441 1168 2508 Caesaris
1183 2471 1207 2509 a

147 2535 344 2614 receperunt,
375 2535 413 2594 tu
440 2553 542 2614 usque
574 2554 611 2596 eo
641 2531 804 2614 distulisti,
832 2531 932 2596 donee
959 2535 996 2596 tu
1023 2553 1169 2616 quoqne,

148 2621 376 2684 beneficiorum
408 2624 538 2684 tuorum
570 2621 776 2704 parcissimus
809 2621 1004 2701 aestimator,
1034 2621 1101 2684 iam
1132 2626 1169 2686 te

112 2710 262 2773 emereri
284 2709 437 2773 fatereris.
472 2707 585 2792 Itaque
609 2709 670 2774 soli
693 2708 839 2772 omnium
863 2710 1001 2794 contigit
1027 2709 1100 2792 tibi,
1128 2716 1170 2775 ut
1221 2767 1222 2772 ,

100 2843 101 2846 ¹
147 2801 238 2880 pater
264 2799 386 2880 patriae
414 2819 513 2882 esses,
541 2802 615 2862 ente
643 2819 739 2880 quem
766 2798 868 2862 fieres.
904 2798 986 2862 Erae
1013 2800 1101 2862 enim
1131 2801 1169 2862 in

147 2887 272 2969 animis,
286 2888 320 2950 in
334 2887 460 2952 iudiciis
474 2887 603 2969 nostris,
616 2907 676 2952 neo
690 2887 837 2970 publicae
853 2887 983 2970 pietatis
998 2887 1168 2970 intererat,
1182 2914 1206 2953 ιι

147 3170 247 3237 Haupt
256 3170 350 3223 Herm.
366 3169 446 3237 Ver)
459 3168 545 3234 codd,
559 3168 689 3223 exederet
699 3170 810 3234 Baete,
824 3169 942 3223 abactas
956 3168 1104 3236 hospitum
1117 3185 1167 3223 ex-

147 3241 252 3292 erceret
270 3240 356 3308 antiq.
376 3241 445 3305 edd,
464 3241 502 3294 K.
582 3245 597 3292 9
621 3239 774 3294 inciderint
792 3241 926 3306 Schware,
945 3241 1048 3294 Boetr.
1132 3246 1166 3294 le

147 3308 256 3362 edicere
275 3311 363 3378 Lipe,
383 3312 469 3376 KH,
493 3311 603 3375 Baete,
627 3311 720 3365 dicere
738 3312 824 3378 codd,
844 3311 912 3366 ΚΙ.
992 3315 1025 3364 17
1049 3313 1167 3378 *stanti

147 3381 226 3430 tuum
251 3396 265 3432 e
289 3381 365 3434 codd.
388 3382 498 3448 plerieq.
525 3383 611 3448 ΚΠ,
639 3381 724 3436 Tanti
750 3382 854 3453 [tuum]
880 3383 950 3449 KJ,
977 3383 1058 3435 tuum
1088 3383 1166 3437 tenti

148 3448 248 3516 Haupt
262 3451 279 3502 l.
294 3451 320 3513 t,
338 3452 412 3503 tanti
431 3453 566 3517 constare,
586 3455 722 3521 quantum
739 3456 850 3507 constat
864 3455 1001 3520 Momma,
1020 3454 1098 3508 tenti
1113 3471 1167 3508 sue

147 3517 250 3571 itinera
269 3522 394 3572 constare
414 3521 523 3587 debere,
542 3523 641 3591 quanti
659 3526 740 3577 tuum
758 3526 869 3578 constat
888 3525 989 3580 Baehr.

218 3101 233 3150 7
249 3097 366 3151 abactas
383 3097 538 3166 hospitium
553 3099 693 3151 exerceret
706 3115 730 3152 e.
742 3099 869 3152 execaret
881 3115 906 3152 e.
917 3099 1043 3151 exereret
1051 3099 1128 3164 (AB
1137 3099 1167 3164 0,
