2480 3942
168 167 235 232 240
464 210 468 216 .
606 163 634 218 C.
653 163 751 217 PLINI

168 327 441 412 προβαλέσθαι
473 328 546 408 πρὸ
574 337 640 410 τῆς
663 319 851 410 'Aeneade'
885 330 917 391 et
944 325 1050 390 alibi:'
1069 324 1187 407 εἘγὼ

169 418 211 482 δὲ
230 412 340 501 οἶμαι
358 413 441 499 μέν,
461 409 643 501 ὦάνδρες
658 416 874 499 Ἀθηναῖοι,
892 415 939 498 νη
953 415 1045 490 τοὺς
1063 417 1188 489 θεοὺς

169 505 324 571 ἐκεῖνον
360 506 527 589 μεθύειν
563 514 612 592 τῷ
649 503 810 589 μεγέθει
846 515 923 569 τῶν
959 501 1187 587 πεπραγμέ-
1226 529 1227 564 1

134 595 282 660 evmv'?
326 592 395 658 Iam
419 593 496 677 quid
526 594 694 658 audentius
719 594 776 657 illo
799 592 1015 677 pulcherrimo
1040 613 1187 658 excessu:
1226 599 1227 630 ¹

170 684 337 767 ενόσημα
359 683 465 767 γάρ’Ῥ
502 681 586 760 Quid
607 683 686 746 haee
708 683 854 747 breviora
878 681 1111 766 superioribus,
1135 680 1188 745 sed
1210 657 1227 750 ά

169 773 302 837 audacia
325 772 436 856 paria?
468 772 582 837 (Τότε
614 771 686 854 ἐγὼ
714 767 784 858 μὲν
813 777 862 858 τῷ
891 771 1060 836 Πύθωνι
1089 777 1188 852 θρα·
1226 783 1227 802 ³

171 860 369 948 συνομένῳ
401 860 465 926 παλ
497 864 626 947 πολλῷ
664 858 795 945 ῥέοντι
831 857 918 925 καθ’
958 857 1091 942 ὑμῶν’.
1139 859 1187 922 Ex

171 951 280 1015 eadem
303 954 381 1015 nota
404 946 514 1015 *ὅταν
538 945 579 1015 δὲ
603 948 642 1014 έκ
664 947 893 1026 πλεονεξίας
910 946 974 1013 καὶ
992 951 1187 1032 πονηρίας
1226 1003 1227 1020 ,

170 1063 229 1115 τις
252 1041 377 1124 ὥσπερ
401 1035 515 1115 οὗτος
535 1038 690 1122 ίσχύση,
713 1036 882 1123 ἡπρώτη
901 1039 1105 1123 πρόφασις
1123 1035 1186 1102 καὶ
1226 1025 1227 1090 i

171 1129 313 1212 μικρὸν
326 1139 497 1211 πταῖσμα
516 1129 665 1192 ἅπαντα
680 1125 904 1211 ἀνεχαίτισε
922 1124 986 1192 καὶ
1004 1124 1186 1191 διέλυσά.
1199 1129 1227 1190 ω

172 1215 282 1282 Simile
314 1217 364 1282 his
398 1214 766 1300 ‘daeexorveepe'vog
798 1216 925 1288 άπασι
954 1225 1038 1291 τοῖς
1070 1213 1115 1280 έν
1146 1221 1187 1300 τῇ

171 1310 281 1372 πόλει
301 1305 488 1382 διααίοις’
508 1309 540 1370 et
553 1305 671 1369 ibidem
691 1304 754 1369 ‘ed
773 1305 841 1369 τὸν
860 1306 916 1380 είς
933 1313 1055 1368 ταῦτα
1074 1306 1188 1370 ἔλεον

171 1394 435 1479 προδέδωκας,
465 1392 771 1479 Ἀριστύγειτον,
802 1398 951 1474 μᾶλλον
983 1390 1013 1457 δ’
1047 1389 1188 1479 άνῂρη-

172 1508 239 1560 κας
263 1485 368 1559 ὅλως.
395 1485 443 1568 μὴ
474 1485 532 1566 δὴ,
556 1485 652 1566 πρὸς
676 1482 743 1558 οὓς
771 1482 889 1560 αὐτὸς
911 1485 1058 1567 ἔχωσας
1082 1480 1188 1563 λιμέ-

172 1597 240 1649 νας
276 1570 339 1637 nai
375 1574 582 1656 προβόλων
617 1569 847 1655 ἐνέπλησας,
889 1572 984 1652 πρὸς
1019 1571 1218 1645 τούτουςν

172 1661 357 1744 ὁρμίζού,
387 1665 419 1725 et
442 1661 578 1725 dixerat:
612 1660 760 1748 Ὓούτω
783 1657 813 1725 δ’
841 1658 986 1725 οὐδένα
1010 1659 1088 1742 ὁρῶ
1112 1669 1187 1723 τῶν

42 1813 45 1820 A
172 1752 300 1815 τύπων
322 1750 472 1815 τούτων
495 1749 663 1833 βάσιμον
687 1751 797 1830 ὄντα,
825 1747 923 1813 άλλδι
945 1747 1069 1813 πάντα
1094 1746 1184 1812 άπύ-

172 1863 337 1923 αρημνα,
359 1839 578 1922 φάραγγας,
601 1838 803 1923 βάραθρα’.
844 1836 890 1902 Et
912 1837 1077 1921 deinceps:
1103 1835 1183 1901 ‘Ae'-

174 1929 301 2011 δοικα,
324 1929 372 2011 μὴ
396 1926 535 2010 δόξητέ
551 1943 632 1992 τισι
651 1928 719 1992 τὸν
738 1926 797 1992 ἀεὶ
816 1929 1061 2011 βουλόμενον
1083 1919 1183 1991 εἶναι
1226 1929 1227 2009 i

173 2017 347 2100 πονηρὸν
360 2027 435 2081 τῶν
449 2014 491 2081 έν
505 2025 548 2102 τῇ
567 2017 680 2080 πόλει
698 2014 1000 2099 παιδοτριβεῖν,
1017 2035 1078 2078 nee
1097 2015 1183 2078 setis:
1198 2039 1219 2078 a

174 2101 293 2170 (Οὐδὲ
334 2105 405 2189 γάρ
446 2107 537 2181 τοὺς
568 2107 801 2190 ,προγόνους
842 2103 1106 2188 ὑπολαμβάνω
1143 2103 1184 2166 τά

174 2195 407 2280 δικαστήρια
430 2203 551 2258 ταῦτα
573 2193 667 2277 ὑμῖν
695 2195 972 2277 οἰκοδομῆσαι,
1000 2193 1065 2256 ἵνα
1093 2194 1184 2266 τοὺς
1226 2239 1227 2256 ι

173 2283 382 2359 τοιούτους
405 2281 446 2347 έν
473 2281 609 2359 αὐτοῖς
631 2281 870 2366 μοσχεύητε’,
893 2281 934 2344 ad
955 2281 1031 2345 hoe:
1063 2280 1127 2345 Ἓί
1147 2277 1185 2345 δέ

174 2373 346 2454 κάπηλός
373 2370 456 2436 ἐστι
482 2375 675 2456 πονηρίας
702 2369 766 2435 καὶ
793 2370 1092 2453 παλιγκάπηλος
1124 2368 1185 2434 καὶ

175 2460 428 2543 μεταβολεύς’
457 2464 489 2525 et
512 2461 600 2524 mille
627 2461 773 2543 taliasut
801 2463 1007 2544 praeteream,
1035 2480 1117 2542 quae
1148 2459 1227 2550 abap

124 2566 157 2614 10
176 2549 335 2614 Aeschine
363 2549 589 2632 ‘dadpoeva’‚
625 2571 692 2613 non
724 2548 906 2634 ‘dripere'
939 2552 1105 2612 vocantur.
1150 2546 1188 2611 In
1226 2557 1227 2630 ξ

177 2639 372 2703 eontrarium
394 2639 506 2722 ineidi3
538 2638 622 2702 diees
645 2638 732 2702 hune
755 2659 883 2722 quoque
907 2636 948 2701 ab
971 2637 1035 2702 ista
1058 2637 1188 2720 culpari.

177 2725 239 2792 Sed
261 2729 352 2812 vide,
385 2731 504 2809 quanto
533 2728 635 2791 maior
662 2727 717 2809 sit,
748 2728 803 2809 qui
829 2725 1087 2810 reprehenditur,
1119 2727 1188 2810 ipso
1226 2739 1227 2752 ¹

175 2817 428 2901 reprehendente
451 2819 483 2880 et
506 2817 609 2880 maior
632 2816 672 2880 ob
691 2817 777 2880 haee.
808 2814 847 2879 In
870 2815 943 2880 aliis
967 2815 1052 2879 enim
1075 2815 1134 2898 vis,
1158 2816 1189 2878 in
1226 2803 1227 2825 ¹

125 2921 157 2970 11
176 2906 228 2970 his
252 2906 414 2990 granditas
438 2905 506 2970 eius
529 2907 640 2968 elucet.
681 2904 770 2968 Num
792 2909 899 2969 eutem
923 2902 1099 2969 Aeschines
1122 2905 1218 2988 ipsea

177 2994 242 3077 his,
273 3017 354 3078 quae
384 2995 418 3059 in
447 2994 663 3058 Demosthene
695 2994 854 3077 carpebat,
882 2993 1066 3058 abstinuit?
1103 2993 1188 3077 (Χρὴ
1226 3065 1227 3070 1

177 3085 249 3167 γάρ
269 3085 310 3149 τὸ
327 3084 420 3149 αὐτὸ
436 3081 686 3167 φθέγγεσθαι
705 3085 773 3148 τὸν
792 3081 938 3166 ῥύτορα
956 3081 1020 3147 καὶ
1039 3084 1110 3148 τὸν
1127 3085 1188 3146 νύ-

179 3192 262 3255 μον·
287 3173 379 3238 ὅταν
401 3169 442 3237 δέ
466 3171 602 3257 ἑτέραν
631 3169 700 3252 μὲν
730 3173 866 3255 φωνην
888 3170 986 3257 ἀφιῇ
1016 3170 1187 3255 ὁνύμος,

253 3329 364 3382 lDem.
374 3330 472 3384 1V49.
536 3329 649 3382 snam.
665 3330 814 3383 XIX259.
879 3329 993 3382 enen.
1009 3328 1125 3383 XVIII
1130 3331 1185 3380 136.

181 3398 377 3453 eDem.119.
457 3404 489 3452 11
509 3401 588 3454 Dem.
608 3401 751 3455 XXV28.
831 3405 863 3453 12
882 3401 918 3454 ι’δ.
937 3404 981 3453 84.
1061 3403 1094 3452 16
1112 3400 1185 3453 Dem.

182 3468 323 3522 XXV76.
396 3474 429 3522 18
448 3471 523 3524 im.
596 3476 628 3524 21
648 3471 741 3525 ib.48.
815 3477 849 3524 23
872 3471 966 3525 idid.
1039 3474 1074 3524 26
1098 3470 1186 3526 chd.

184 3538 250 3592 Gtea.
262 3542 320 3591 167.
393 3545 425 3592 31
445 3541 539 3596 Aeser.
561 3543 626 3596 θύω.
639 3547 680 3597 16.
699 3546 754 3596 Δεῖ
770 3543 838 3596 K.I.
