2482 3942
7 79 78 190 s
368 144 626 199 EPISTULARUM
643 145 707 200 Vm
725 152 802 200 4-6.
1026 146 1089 211 199

70 306 147 372 Ero
169 327 246 394 ergo
269 329 441 392 suspensus
464 330 523 394 pro
545 308 677 374 homine
700 309 910 392 amicissimo,
938 309 1015 374 dum
1037 311 1091 374 ad·
1110 327 1126 376 3

7 437 19 454 ·.
71 397 207 461 mittere
239 401 446 462 arooamenta
477 401 510 462 et
539 399 719 463 cicatricem
750 399 820 483 pati
850 399 962 482 possit,
994 419 1091 481 quam

71 485 164 549 nilril
184 507 285 568 aeque
308 506 346 550 aa
367 486 572 551 nenessitas
562 490 733 654 ipsae
674 487 926 744 tdieslone
926 488 1091 553 tsatietas

74 574 280 761 dolorisaqd
400 574 665 810 Valssa,

40 509 908 888 Qu
538 841 708 890 ιιοιιιιιιο
733 840 799 888 sno
823 841 850 889 a.

147 926 380 1016 Cognovisse
371 951 436 993 ram
463 951 503 994 ax
530 916 667 1014 epistula
694 952 765 995 mea
793 931 889 996 debes
920 931 1125 997 adnotassei

77 1041 133 1082 me
151 1040 253 1102 nuper
270 1022 516 1083 monumentum
529 1018 686 1084 Pallantis
706 1020 766 1083 sub
789 1019 850 1084 hac
868 1020 1091 1104 inscriptione:

78 1105 180 1171 ‘Huic
202 1110 330 1172 senatus
354 1107 396 1172 ob
419 1107 516 1172 fidem
538 1109 755 1192 pietatemque
774 1130 849 1194 erga
869 1112 1024 1192 patronos
1043 1131 1093 1173 or-

28 1222 61 1262 10
78 1200 231 1261 namente
253 1195 413 1280 praetoria
436 1196 577 1262 demovit
599 1200 632 1262 et
655 1197 838 1262 sestertium
861 1197 982 1262 sentias
1000 1199 1092 1280 quin·

77 1283 714 1459 ιιιι“ὲιι“ιῖἓιιι“οἴιιι“ιζιι
732 1284 1127 1440 limittit&

79 1484 241 1546 quaerere.
285 1461 399 1527 Inveni
429 1466 496 1527 tam
529 1464 695 1548 copiosum
728 1467 760 1528 et
746 1463 938 1547 teffusum,
969 1466 1007 1528 ut
992 1464 1093 1528 tille

7 1591 9 1598 ·
79 1550 329 1635 superbissimus
358 1552 473 1616 titulus
502 1553 648 1617 modicus
678 1555 776 1635 atque
805 1553 902 1618 etiam
936 1552 1093 1617 demissus

31 1666 62 1705 ιι
78 1641 250 1704 videretur.
295 1637 470 1704 Conferant
505 1641 725 1724 misceantque
762 1663 796 1706 se
829 1663 896 1705 non
932 1640 1004 1708 dico
1045 1642 1094 1706 illi

78 1733 212 1812 velares,
234 1727 389 1812 Africani,
411 1727 558 1814 Achaioi,
580 1728 785 1814 Numantini,
807 1729 866 1794 sed
887 1729 922 1794 hi
945 1731 1094 1814 proximi,

78 1817 189 1902 Marii,
217 1815 341 1901 Sullae,
368 1817 530 1902 Pompeii,
560 1820 637 1884 nolo
662 1819 813 1904 progredi
835 1820 979 1905 longius3
1010 1819 1094 1908 infra

77 1867 237 1972 Pallaritis
250 1905 361 1971 laudes
376 1907 532 1972 iacebunt
570 1906 729 1991 Urbanos,
747 1929 804 1991 qm
795 1907 873 1972 illa
892 1912 1093 1992 censuerunt,
1113 1925 1129 1974 3

78 2000 192 2080 putem
214 2017 257 2060 an
278 1995 435 2060 miseros?
476 1994 625 2062 Dicerem
648 1997 846 2079 urbanos,
821 2018 849 2060 s1
872 2000 1018 2062 senatum
1043 1997 1094 2061 de-

32 2110 63 2149 so
80 2089 167 2150 aeret
189 2085 370 2168 urbanitas,
393 2085 542 2168 miseros,
565 2085 621 2150 sad
642 2107 738 2150 nemo
761 2089 828 2149 tam
851 2085 1034 2168 miserest,
1057 2089 1094 2150 ut

79 2175 138 2238 illa
160 2178 302 2258 cogatur.
335 2171 481 2238 Ambitio
505 2196 581 2260 ergo
605 2177 638 2238 et
660 2173 853 2258 procedendi
870 2174 996 2239 libido?
1031 2172 1094 2239 Sed

80 2263 155 2346 quis
179 2262 257 2327 adeo
281 2262 420 2346 demens,
441 2266 479 2326 ut
496 2285 554 2347 par
572 2285 675 2346 suum,
697 2285 755 2347 per
772 2263 938 2347 publicum
958 2263 1094 2328 dadeous

79 2349 252 2435 proaedere
274 2351 354 2416 velit
376 2351 411 2416 in
434 2373 470 2416 ea
492 2352 637 2435 civitate,
668 2352 703 2416 ιιι
730 2373 794 2434 qua
820 2351 874 2416 hia
904 2355 989 2416 esset
1016 2373 1094 2416 usus

80 2440 326 2505 florentissimae
349 2439 529 2526 dignitatis,
560 2445 598 2504 ut
619 2441 743 2524 primus
772 2440 807 2504 in
830 2445 942 2505 senatu
963 2440 1094 2505 laudare

35 2553 64 2592 ιι
81 2528 262 2594 Pallantem
285 2529 416 2612 posset?
452 2529 559 2614 Mitto,
581 2529 669 2612 quod
691 2528 831 2594 Pallanti
854 2550 945 2594 servo
969 2533 1094 2614 praeto·
1112 2547 1130 2594 4

81 2619 130 2682 ria
153 2621 340 2683 ornamenta
363 2618 541 2683 offerrmtur
564 2615 700 2704 (quippe'
722 2617 900 2683 offeruntur
926 2640 946 2682 a
969 2616 1094 2704 servis),

81 2708 194 2790 mitto,
221 2707 308 2790 quod
331 2710 463 2773 oensant
484 2729 550 2772 non
577 2707 813 2772 exhortandum
840 2708 950 2790 modo,
982 2728 1093 2772 verum

81 2797 180 2861 etiam
199 2795 454 2880 compellendum
473 2795 514 2860 ad
531 2817 625 2862 usum
639 2817 808 2860 aureorum
821 2798 992 2860 anulorum
1012 2793 1095 2882 (erat

82 2885 169 2949 enim
192 2888 304 2950 eontra
326 2885 525 2951 maiestatem
549 2889 692 2967 senatus,
722 2885 750 2949 si
771 2885 883 2950 ferreis
913 2885 1093 2969 praetorius

39 2999 68 3038 ao
81 2971 257 3060 uteretur),
287 2975 371 3039 levia
399 2974 478 3040 haee
501 2980 534 3040 et
556 2974 763 3057 transeunda,
795 2974 851 3038 illa
878 2973 1128 3057 memorandae

82 3061 170 3146 quod
198 3063 329 3129 nomine
360 3062 517 3128 Pallantis
546 3065 676 3128 senatus
710 3061 782 3149 (neo
819 3063 946 3146 expiata
982 3067 1094 3146 posma

82 3153 172 3218 ouria
194 3149 272 3238 est),
298 3151 455 3216 Pallantis
478 3153 608 3217 nomine
631 3154 761 3216 senatus
784 3152 904 3237 gratias
927 3152 996 3237 agit
1018 3149 1095 3216 an-

82 3241 157 3323 san‘,
179 3240 267 3324 quod
289 3245 321 3307 et
342 3242 412 3325 ipse
431 3263 504 3307 oum
524 3262 649 3307 summo
668 3241 790 3305 honore
809 3240 1006 3305 mentionem
1025 3241 1094 3305 eius

155 3455 188 3504 15
217 3450 288 3504 oonf.
312 3452 503 3520 misceantque
527 3467 556 3506 se
582 3451 643 3507 Otto
662 3455 728 3517 304,
753 3450 825 3504 conf.
850 3466 879 3504 se
902 3450 1094 3518 misceantque

81 3540 109 3587 a,
129 3521 216 3588 KH,
237 3521 308 3576 conf.
329 3539 358 3578 se
378 3524 450 3591 KJ,
470 3522 669 3590 conterantque
687 3538 717 3576 se
737 3523 784 3589 M,
804 3522 1004 3591 conseruntque
1024 3537 1053 3575 se
1071 3539 1093 3576 r.

155 3879 175 3901 ι.
197 3883 214 3902 ι-
235 3793 342 3902 afim
374 3862 390 3901 „i
433 3847 520 3901 ‘313‘
