2480 3942
125 6 321 134 ,111

116 154 120 167 ·
154 156 163 210 1
298 73 626 192 ”Qaersrunmou
643 124 682 191 ’11
701 144 814 194 11-11.
939 146 953 211 ,a
1165 119 1175 128 '

36 213 46 227 ἱ
127 191 245 212 ’1.

45 232 99 270 .¹
156 216 258 303 'oxi'

527 307 660 368 xxxvi.
912 355 950 391 ,.

113 465 117 477 ¹
360 403 550 457 11111111
575 407 686 456 rusco
710 401 826 457 suos.
896 381 923 434 Ψ
1001 448 1005 481 ,

154 495 294 580 Quaeris,
309 520 404 581 quem
421 498 607 563 admodum
625 498 660 562 in
678 497 890 563 Tuscisdiem
904 494 1024 562 aestate
1039 497 1100 560 dis·
1119 513 1134 561 1

83 608 213 670 ponam.
250 586 394 674 Evigilo,
422 609 495 652 cum
521 587 632 671 libuit,
658 588 848 671 plerumque
876 586 959 651 circa
986 587 1099 654 horam

52 675 234 760 aprimam,
266 697 359 759 saepe
392 679 474 760 ante,
506 676 627 740 tardius
660 698 741 740 raro.
779 674 912 741 Clausae
936 676 1100 746 ⁸fenestrae
1198 696 1205 755 1

85 768 226 830 manent.
262 762 355 828 Mire·
371 765 457 838 11111
486 765 613 829 silentio
642 769 674 829 11
701 765 841 830 tenebris
869 766 909 829 ab
937 765 990 848 iis,
1019 787 1100 848 quae
1115 781 1134 828 'a

85 856 232 937 avocant,
255 852 467 918 abductus-et
489 855 571 918 liber
594 858 626 918 et
648 854 729 918 mihi
751 855 882 918 relictus
899 875 967 918 non
990 855 1124 959 oculos,
1152 877 1195 933 ,η’

85 941 204 1026 animo,
237 942 292 1006 sed
324 942 600 1021 animumqoculis
634 965 758 1027 sequor,
790 943 846 1026 qui
876 943 986 1007 eadem
1019 962 1100 1030 quae
1122 945 1136 1021 ,1
1222 985 1232 1026 7

85 1053 177 1096 mens
208 1031 349 1114 vident,
365 1027 610 1115 quotiens‘non
642 1031 753 1096 vident
784 1032 856 1096 alia.
911 1029 1041 1116 Cogito,
1074 1031 1101 1094 si
1217 1028 1231 1094 .‘

38 1152 69 1194 ιο
86 1119 167 1203 qnid
195 1119 229 1184 in
258 1121 417 1203 manibus,
446 1121 554 1206 cogito
584 1121 625 1184 ad
652 1121 788 1185 verbum
816 1119 968 1185 scribenti
995 1142 1101 1185 emen-

86 1209 240 1292 dantique
274 1209 387 1274 similis
419 1231 505 1273 nunc
537 1209 699 1293 pauciora,
729 1231 816 1274 nunc
847 1211 949 1293 plura,
980 1213 1018 1272 ut
1049 1211 1101 1274 vel
1198 1203 1227 1272 s*

72 1297 220 1364 ,difficile
243 1299 294 1362 vel
316 1298 410 1362 facile
427 1293 584 1381 componi
607 1298 748 1363 tenerive
772 1299 954 1382 potuerunt.
1000 1297 1100 1362 Nota·
1200 1325 1220 1383 5?

85 1387 172 1451 rium
201 1408 282 1451 voco
313 1391 346 1451 et
377 1387 428 1452 die
459 1387 609 1470 admisso,
639 1409 721 1471 quae
749 1387 980 1471 formaveram,
1005 1387 1100 1451 dicto.

85 1473 169 1540 Abit
197 1497 370 1560 nmsusque
402 1481 571 1541 revocatur
600 1499 773 1560 rursusque
806 1471 1011 1554 dimittisne!
1034 1473 1100 1540 Ubi
1120 1492 1152 1540 a·
1184 1493 1188 1500 ·

39 1596 69 1637 15
83 1565 168 1628 hora
198 1569 311 1648 quarte
340 1565 391 1629 111
422 1566 534 1648 quinta
564 1562 682 1652 (neque
712 1566 797 1629 enim
828 1567 950 1630 certum
981 1561 1101 1664 dusmen-

87 1675 224 1736 sumque
251 1651 403 1740 tempus),
434 1658 472 1718 ut
503 1655 569 1719 dies
601 1655 710 1738 suasit,
740 1654 775 1718 in
803 1658 1018 1738 xystumzme
1050 1656 1101 1718 vel

87 1742 363 1827 cryptoporticum
388 1743 526 1827 confero,
549 1743 672 1825 reliqua
694 1743 834 1807 meditor
852 1747 884 1807 et
907 1744 1002 1808 dicto.
1039 1742 1101 1808 Ve-
1219 1744 1233 1777 '⁸

85 1832 232 1896 hieulum
267 1832 411 1897 ascende.
456 1829 509 1897 Ibi
540 1853 668 1915 quoque
700 1833 785 1896 idem
815 1833 901 1915 quod
933 1834 1100 1897 ambulans
1193 1837 1229 1919 ⁸3¹

87 1924 145 1986 aut
186 1921 305 2004 iacens,
346 1922 441 1994 durat
474 1921 611 1985 intentio
649 1921 827 1985 mutatione
868 1922 938 2005 ipsa
973 1922 1114 2004 reiecta,

39 2041 71 2082 ,ο
87 2008 226 2074 Paulum
249 2010 418 2093 redormio,
442 2010 515 2074 dein
538 2011 678 2093 ambulo,
700 2032 778 2074 mox
806 2011 983 2074 orationem
1007 2008 1100 2074 Grae·
1159 2066 1167 2083 ,

88 2121 159 2163 cam
183 2097 371 2174 Latinamve
395 2101 478 2164 clare
501 2102 533 2164 et
556 2099 679 2163 intente
706 2121 773 2162 non
799 2102 866 2162 tam
889 2099 977 2163 vocis
1006 2121 1100 2163 causa

42 2224 44 2229 .
88 2210 187 2271 quam
214 2187 373 2252 stomachi
402 2189 489 2273 leg03
518 2188 638 2271 pariter
666 2192 775 2253 tamen
804 2191 837 2252 et
864 2188 920 2251 illa
945 2188 1100 2252 firmatur.

75 2275 210 2340 lterum
234 2277 373 2360 ambulo,
394 2298 508 2362 ungor,
531 2297 688 2360 exerceor,
710 2276 836 2370 levoni
855 2274 988 2340 Cenanti
1011 2275 1102 2359 mihi,
1119 2295 1136 2341 4

88 2365 116 2430 si
146 2386 218 2429 cum
245 2387 345 2430 uxore
373 2367 425 2430 vel
456 2366 576 2449 paucis,
607 2366 690 2430 liber
720 2366 852 2450 legitur,
883 2369 958 2448 post
990 2386 1101 2429 cenam
1182 2390 1185 2399 ·

41 2485 72 2526 25
88 2455 261 2519 comoedus
280 2459 337 2519 aut
354 2455 495 2540 lyristes3
519 2476 595 2519 mox
615 2476 687 2518 eum
706 2455 785 2519 meis
805 2452 944 2537 ambulo,
963 2474 1100 2537 quorum
1205 2503 1208 2510 .

87 2544 123 2607 in
146 2565 279 2608 numero
303 2547 378 2608 sunt
401 2543 526 2610 eruditi.
563 2541 613 2607 lta
635 2543 731 2607 variis
752 2543 951 2608 sermonibus
970 2565 1101 2626 vespera

87 2632 281 2716 extenditur,
313 2637 345 2696 et
377 2655 572 2716 quamquam
603 2632 811 2717 longissimus
840 2631 906 2696 dies
935 2631 999 2696 cito
1028 2653 1101 2696 con·

88 2721 185 2784 ditur.
222 2719 299 2785 Non
320 2744 497 2806 numquam
520 2744 560 2785 ex
581 2721 645 2785 hoc
667 2721 778 2786 ordine
797 2720 905 2804 aliqua
926 2725 1101 2785 mutantur.
1120 2737 1136 2784 5

87 2809 186 2893 Nam,
208 2810 235 2874 si
259 2810 313 2874 diu
336 2811 421 2875 iacui
443 2812 495 2874 vel
513 2810 684 2893 ambulavi,
707 2814 781 2893 post
804 2832 953 2874 somnum
972 2810 1100 2874 demum

45 2929 75 2970 so
87 2899 325 2982 lectionemque
355 2922 422 2963 non
453 2900 611 2982 vehiculo,
643 2899 707 2982 sed,
740 2898 826 2982 quod
858 2899 995 2983 brevius,
1027 2899 1101 2982 quia

88 2988 241 3071 velocius,
265 3009 347 3071 equo
370 2992 486 3074 gestor.
523 2986 746 3052 Interveniunt
766 2987 861 3052 amici
884 3009 923 3051 ex
945 2988 1101 3070 proximis

89 3077 216 3160 oppidis
248 3081 435 3160 partemque
467 3077 530 3142 diei
566 3077 607 3142 ad
638 3100 672 3142 se
708 3076 841 3144 trahunt
876 3076 1101 3160 interdumque

88 3167 174 3231 lasso
193 3165 274 3230 mihi
293 3171 474 3249 opportuna
491 3166 748 3249 interpellatione
767 3165 970 3232 subveniunt
979 3164 1102 3229 ,Venor
1120 3181 1136 3229 6

88 3255 272 3338 aliquando,
295 3255 350 3318 sed
372 3274 438 3320 non
461 3255 529 3319 sine
551 3253 773 3341 pugillaribus,
790 3258 836 3337 ut,
855 3253 1001 3337 quamvis
1019 3255 1102 3323 nihil

48 3344 238 3428 acceperim,
260 3365 327 3407 non
349 3343 431 3408 nihil
454 3345 597 3408 referam.
643 3343 748 3408 Datur
774 3347 806 3407 et
835 3344 966 3426 colonis,
993 3348 1030 3411 ut
1057 3344 1102 3406 vi-

161 3525 196 3573 10
216 3518 317 3573 deinde
332 3537 374 3588 pr
381 3539 392 3586 ‚·
410 3520 447 3574 ad
461 3535 492 3588 p.
504 3522 563 3574 155.
574 3523 599 3574 6.
