2458 3940
155 137 222 202 310

103 298 147 365 ll
223 300 325 376 Quem
344 299 1172 386 11111111111111111111,111111111111(1111111111
1214 309 1215 346 1

154 390 284 473 templis
303 389 482 454 honestasti
499 411 565 455 non
583 391 728 454 imitatus
747 389 830 472 illos,
847 390 906 472 qui
924 389 986 452 hoc
1004 388 1102 471 idem,
1117 388 1171 452 sed

154 479 217 543 1111
235 483 342 544 mente
360 478 514 545 fecerunt.
550 477 679 543 Dicavit
701 480 788 544 caelo
807 477 954 544 Tiberius
973 478 1171 562 Augustum,

97 591 100 596 ·
154 567 210 632 sed
227 571 265 630 ut
283 568 460 632 maiestatis
480 569 601 632 crimen
619 568 792 641 induceret,
811 565 980 632 Claudium
996 565 1097 649 Nero,
1116 567 1170 630 sed

153 659 190 719 ut
209 656 363 740 irrideret,
381 654 616 740 Vespasianum
634 655 737 740 Titus,
754 655 959 720 Domitianus
973 655 1097 737 Titum,
1116 656 1170 720 sed
1193 683 1201 722 1

119 761 134 808 1
154 746 217 828 ille,
240 748 276 808 ut
295 745 346 808 dei
368 744 464 828 filius,
481 746 544 829 hic,
562 749 599 810 ut
621 745 720 810 frater
737 745 905 810 videratur.
942 743 991 808 Tu
1011 744 1169 809 sideribus

153 837 278 917 petrem
302 835 441 898 intulisti
462 857 529 900 non
552 835 592 898 ad
614 838 737 898 metum
762 835 889 917 civium,
911 855 977 898 non
999 834 1034 896 in
1057 837 1170 897 contu-

154 924 283 987 meliam
297 923 476 996 numinum,
489 945 555 990 non
573 924 608 986 in
622 923 777 988 honorem
791 927 894 1004 tuum,
909 923 964 986 sed
979 923 1054 1005 quia
1074 922 1168 986 deum

119 1029 134 1075 3
155 1012 264 1076 credis.
301 1011 409 1076 Minus
433 1016 482 1077 est
504 1012 575 1095 hoc,
599 1034 671 1077 cum
694 1012 732 1076 fit
751 1013 792 1077 ab
811 1013 859 1094 iis,
879 1013 934 1094 qui
953 1014 986 1075 et
1004 1033 1074 1075 sese
1094 1011 1169 1075 deos

153 1104 277 1184 putant.
322 1099 398 1184 Sed,
427 1103 506 1166 licet
535 1103 628 1166 illum
658 1102 798 1184 turibus,
827 1101 904 1183 eris,
935 1098 1169 1182 pulvinaribus,
1182 1127 1201 1166 u

153 1191 283 1255 flamine
308 1190 403 1274 colas,
427 1191 580 1261 nonalio
604 1194 712 1256 tamen
734 1190 838 1274 megia
860 1189 964 1254 deum.
978 1193 1011 1252 et
1032 1189 1116 1254 facis
1139 1195 1170 1252 11
1214 1191 1215 1270 ζ

152 1281 280 1362 probas,
308 1301 404 1363 qnam
434 1279 520 1363 quod
547 1281 615 1362 ipse
643 1278 717 1344 11111
746 1302 788 1343 11.
834 1276 873 1342 ln
900 1278 1045 1361 principe
1075 1279 1170 1359 enim,
1214 1271 1215 1362 1

154 1369 210 1452 qui
232 1370 333 1438 electo
354 1391 536 1434 successore
554 1369 622 1432 fato
642 1369 808 1451 concessit,
826 1389 891 1432 111
910 1367 1087 1451 eademque
1108 1390 1169 1431 cer-

118 1474 135 1520 4
154 1458 279 1521 tissima
298 1457 475 1522 divinitatis
492 1457 572 1522 fides
591 1461 640 1522 est
658 1456 761 1522 bonus
781 1478 953 1522 successor.
981 1454 1070 1520 Num
1095 1478 1169 1540 ergo

154 1547 214 1610 tibi
238 1569 277 1610 ex
299 1546 542 1611 immortalitate
567 1547 667 1629 patris
691 1545 813 1629 aliquid
841 1545 1042 1630 arrogantiae
1066 1567 1168 1610 acces-
1181 1551 1215 1610 u*

155 1635 218 1700 sit?
240 1657 318 1698 num
342 1635 401 1699 hos
424 1637 589 1718 proximos
608 1635 777 1700 divinitate
794 1638 965 1718 parentum
984 1633 1111 1699 desides
1134 1657 1168 1697 ec

154 1724 311 1806 superbos
334 1725 443 1806 potius
467 1747 563 1807 quam
588 1725 660 1788 illos
684 1728 806 1788 'veteres
829 1727 862 1787 et
889 1724 1040 1806 antiquos
1064 1746 1169 1788 acmu-

154 1812 251 1876 leris?
275 1813 331 1895 qui
353 1812 416 1877 hoc
438 1815 544 1896 ipsum
569 1814 739 1896 imperium
763 1863 770 1876 .
795 1864 801 1876 .
825 1863 832 1875 .
857 1863 862 1875 .
1214 1811 1215 1820 ’

222 1902 312 1965 11111
340 1903 425 1984 pulsi
451 1902 619 1987 fugatique
647 1923 713 1966 non
740 1902 828 1966 aliud
854 1901 958 1965 maius
989 1901 1168 1965 habebatur
1214 1913 1215 1966 l

120 2006 135 2053 5
155 1989 318 2073 indicium,
342 2012 438 2073 quem
463 1992 490 2055 si
512 1991 733 2073 triumpharet.
775 1991 863 2075 Ergo
888 1989 1087 2054 sustulerant
1105 1992 1167 2053 ani-
1180 1985 1215 2054 ss'

110 2095 112 2098 ·
154 2101 224 2143 mos
252 2083 284 2142 et
311 2081 423 2164 iugum
451 2082 655 2146 excusserant
682 2100 742 2145 nec
769 2080 833 2143 iam
855 2079 1024 2144 nobiscum
1048 2078 1090 2142 de
1113 2101 1167 2143 sua
1214 2043 1215 2130 1

153 2168 311 2251 libertate,
335 2168 390 2232 sed
414 2168 452 2232 de
475 2171 586 2232 nostra
605 2169 757 2232 servitute
780 2168 945 2232 certabant
962 2189 1000 2232 ac
1018 2188 1059 2231 ne
1079 2167 1168 2232 indn-

154 2257 215 2320 tias
240 2256 368 2339 quidem
386 2255 450 2322 nisi
472 2258 582 2340 aequis
602 2257 844 2322 condicionibus
862 2257 988 2320 inibant
1005 2255 1166 2341 legesque,

104 2342 192 2409 1211
214 2346 404 2429 acciperent,
428 2346 554 2412 dabant.
590 2343 636 2410 At
658 2367 744 2411 nunc
770 2346 865 2409 rediit
894 2345 1043 2410 omnibus
1067 2349 1168 2410 terror

155 2438 188 2498 et
205 2439 309 2499 metus
329 2438 361 2498 et
378 2440 490 2499 votum
510 2435 666 2517 imperata
683 2434 829 2500 faciendi.
862 2432 982 2498 Vident
1001 2435 1088 2498 enim
1106 2433 1167 2498 Ro·
1180 2460 1200 2498 1

155 2545 286 2588 manum
302 2523 415 2587 ducem
429 2546 529 2588 unum
549 2546 588 2588 ex
604 2524 668 2592 illis
682 2523 843 2592 veteribus
863 2525 895 2586 et
913 2523 1036 2606 priscis,
1051 2524 1167 2606 quibus
1214 2545 1215 2548 ¹

155 2614 396 2695 imperatorium
415 2634 535 2676 nomen
553 2612 714 2678 addebant
732 2613 871 2677 contecti
894 2611 1044 2676 caedibus
1064 2614 1167 2695 campi

121 2718 136 2764 2
157 2705 189 2765 et
207 2701 325 2766 infecta
344 2702 488 2766 victoriis
506 2702 614 2766 maria.
647 2699 833 2784 Accipimus
853 2701 979 2766 obsides
999 2723 1086 2786 ergo,
1104 2723 1168 2765 non

156 2791 291 2854 emimus
310 2812 369 2855 nec
387 2789 572 2876 ingentibus
592 2789 716 2856 damnis
735 2790 963 2872 immensisque
982 2791 1167 2854 muneribus

156 2879 356 2962 paciscimur,
370 2883 408 2944 ut
425 2879 604 2945 vicerimus.
631 2877 770 2964 Rogant,
790 2879 985 2962 supplicant,
1003 2879 1167 2964 largimur,
1179 2904 1199 2942 u

155 2971 948 3140 111ἕῇ1111111111111Ῐ11111111111111,
962 2965 1167 3139 {diligat
1214 3029 1215 3032 ’

122 3150 268 3230 egatum
293 3150 349 3212 est.
385 3144 438 3212 An
461 3146 608 3229 audeant,
631 3147 687 3229 qui
711 3146 813 3210 sciant
840 3148 873 3208 te
900 3144 1060 3210 adsedisse
1087 3145 1167 3209 fero

158 3235 293 3298 cissimis
320 3234 451 3317 populis
478 3257 516 3298 eo
544 3237 614 3318 ipso
643 3238 796 3318 tempore,
824 3234 911 3316 quod
938 3233 1165 3298 amicissimum

229 3377 244 3423 9
268 3372 311 3424 his
331 3374 431 3426 Baehr.
512 3378 545 3425 10
568 3372 678 3426 turibus
698 3374 799 3427 Baehr.
814 3390 844 3441 p.
861 3373 947 3438 XXI,
970 3373 1040 3426 turis
1059 3371 1096 3438 A,
1117 3389 1165 3426 om.

158 3443 215 3494 rell.
289 3449 320 3496 11
346 3445 442 3496 tamen
534 3445 555 3496 's
575 3445 660 3509 KH,
680 3445 791 3510 Baetra,
811 3445 904 3514 magis
922 3445 1017 3498 tamen
1037 3445 1081 3508 M,
1100 3445 1138 3498 K.
1146 3446 1166 3496 1.

159 3516 194 3562 20
217 3528 301 3577 quam
319 3513 395 3580 quod
412 3514 517 3582 trinmp
541 3558 545 3568 .
565 3517 622 3570 cod.
642 3515 746 3582 Licin,
765 3515 867 3570 Boebr.
