<?xml version="1.0" encoding="UTF-8"?>
<!DOCTYPE html PUBLIC "-//W3C//DTD XHTML 1.0 Transitional//EN"
    "http://www.w3.org/TR/xhtml1/DTD/xhtml1-transitional.dtd">
<html xmlns="http://www.w3.org/1999/xhtml" xml:lang="en" lang="en">
 <head>
  <title>
</title>
<meta http-equiv="Content-Type" content="text/html;charset=utf-8" />
  <meta name='ocr-system' content='tesseract 3.04.00' />
  <meta name='ocr-capabilities' content='ocr_page ocr_carea ocr_par ocr_line ocrx_word'/>
</head>
<body>
  <div class='ocr_page' id='page_1' title='image "./cplinicaecilise00mlgoog_0326.png"; bbox 0 0 2458 3940; ppageno 0'>
   <div class='ocr_carea' id='block_1_1' title="bbox 342 149 1095 236">
    <p class='ocr_par' dir='ltr' id='par_1_1' title="bbox 342 149 1095 236">
     <span class='ocr_line' id='line_1_1' title="bbox 342 149 1095 236; baseline 0.016 -32"><span class='ocrx_word' id='word_1_1' title='bbox 342 149 597 206; x_wconf 74' lang='lat' dir='ltr'><strong>PANEGYRIOUS</strong></span> <span class='ocrx_word' id='word_1_2' title='bbox 618 158 778 206; x_wconf 75' lang='grc'><strong>166-66.</strong></span> <span class='ocrx_word' id='word_1_3' title='bbox 789 169 809 207; x_wconf 81' lang='lat' dir='ltr'><strong>a.</strong></span> <span class='ocrx_word' id='word_1_4' title='bbox 1018 152 1095 236; x_wconf 36' lang='lat'><strong>315,</strong></span> 
     </span>
    </p>
   </div>
   <div class='ocr_carea' id='block_1_2' title="bbox 24 314 1136 3426">
    <p class='ocr_par' dir='ltr' id='par_1_2' title="bbox 24 314 1136 3426">
     <span class='ocr_line' id='line_1_2' title="bbox 67 314 1117 400; baseline 0.002 -22"><span class='ocrx_word' id='word_1_5' title='bbox 67 315 211 378; x_wconf 86' lang='lat' dir='ltr'><strong>tumaeia</strong></span> <span class='ocrx_word' id='word_1_6' title='bbox 234 317 266 378; x_wconf 90' lang='lat' dir='ltr'><strong>et</strong></span> <span class='ocrx_word' id='word_1_7' title='bbox 290 314 515 400; x_wconf 79' lang='lat' dir='ltr'>dedignatione</span> <span class='ocrx_word' id='word_1_8' title='bbox 539 315 684 398; x_wconf 71' lang='lat' dir='ltr'><strong>parendi!</strong></span> <span class='ocrx_word' id='word_1_9' title='bbox 721 314 841 379; x_wconf 82' lang='lat' dir='ltr'><strong>Tutum</strong></span> <span class='ocrx_word' id='word_1_10' title='bbox 869 319 918 378; x_wconf 88' lang='grc'><strong>661</strong></span> <span class='ocrx_word' id='word_1_11' title='bbox 940 334 1117 380; x_wconf 81' lang='lat' dir='ltr'><strong>reveren-2</strong></span> 
     </span>
     <span class='ocr_line' id='line_1_3' title="bbox 67 404 1083 488; baseline 0.002 -22"><span class='ocrx_word' id='word_1_12' title='bbox 67 404 164 486; x_wconf 89' lang='lat' dir='ltr'><strong>tiam,</strong></span> <span class='ocrx_word' id='word_1_13' title='bbox 191 406 299 467; x_wconf 89' lang='lat' dir='ltr'><strong>tutum</strong></span> <span class='ocrx_word' id='word_1_14' title='bbox 327 405 493 469; x_wconf 89' lang='lat' dir='ltr'><strong>caritatem</strong></span> <span class='ocrx_word' id='word_1_15' title='bbox 521 406 648 488; x_wconf 91' lang='lat' dir='ltr'><strong>mereri,</strong></span> <span class='ocrx_word' id='word_1_16' title='bbox 678 425 738 469; x_wconf 89' lang='lat' dir='ltr'><strong>nec</strong></span> <span class='ocrx_word' id='word_1_17' title='bbox 767 404 885 468; x_wconf 90' lang='lat' dir='ltr'><strong>ducum</strong></span> <span class='ocrx_word' id='word_1_18' title='bbox 913 405 1083 488; x_wconf 78' lang='lat' dir='ltr'><strong>quisquam</strong></span> 
     </span>
     <span class='ocr_line' id='line_1_4' title="bbox 67 493 1083 578; baseline 0.003 -24"><span class='ocrx_word' id='word_1_19' title='bbox 67 494 214 556; x_wconf 90' lang='lat' dir='ltr'><strong>autnon</strong></span> <span class='ocrx_word' id='word_1_20' title='bbox 238 493 337 556; x_wconf 90' lang='lat' dir='ltr'><strong>amari</strong></span> <span class='ocrx_word' id='word_1_21' title='bbox 361 515 380 556; x_wconf 90' lang='lat' dir='ltr'><strong>a</strong></span> <span class='ocrx_word' id='word_1_22' title='bbox 402 493 560 558; x_wconf 78' lang='lat' dir='ltr'><strong>militibus</strong></span> <span class='ocrx_word' id='word_1_23' title='bbox 581 497 640 557; x_wconf 88' lang='lat' dir='ltr'><strong>aut</strong></span> <span class='ocrx_word' id='word_1_24' title='bbox 663 494 763 558; x_wconf 89' lang='lat' dir='ltr'><strong>amari</strong></span> <span class='ocrx_word' id='word_1_25' title='bbox 791 493 897 576; x_wconf 69' lang='lat' dir='ltr'><strong>timet,</strong></span> <span class='ocrx_word' id='word_1_26' title='bbox 925 493 986 578; x_wconf 87' lang='lat' dir='ltr'><strong>[et]</strong></span> <span class='ocrx_word' id='word_1_27' title='bbox 1010 495 1083 557; x_wconf 88' lang='grc'><strong>111116</strong></span> 
     </span>
     <span class='ocr_line' id='line_1_5' title="bbox 69 580 1083 667; baseline 0.003 -23"><span class='ocrx_word' id='word_1_28' title='bbox 69 580 210 645; x_wconf 87' lang='lat' dir='ltr'><strong>offensae</strong></span> <span class='ocrx_word' id='word_1_29' title='bbox 233 583 353 664; x_wconf 88' lang='lat' dir='ltr'><strong>pariter</strong></span> <span class='ocrx_word' id='word_1_30' title='bbox 376 583 560 667; x_wconf 81' lang='lat' dir='ltr'><strong>gratiaeque</strong></span> <span class='ocrx_word' id='word_1_31' title='bbox 584 584 688 648; x_wconf 91' lang='lat' dir='ltr'><strong>securi</strong></span> <span class='ocrx_word' id='word_1_32' title='bbox 711 584 833 646; x_wconf 87' lang='lat' dir='ltr'><strong>instant</strong></span> <span class='ocrx_word' id='word_1_33' title='bbox 857 584 1017 666; x_wconf 82' lang='lat' dir='ltr'><strong>operibus,</strong></span> <span class='ocrx_word' id='word_1_34' title='bbox 1036 604 1083 647; x_wconf 88' lang='lat' dir='ltr'><strong>as·</strong></span> 
     </span>
     <span class='ocr_line' id='line_1_6' title="bbox 40 671 1118 755; baseline -0.003 -17"><span class='ocrx_word' id='word_1_35' title='bbox 40 699 53 738; x_wconf 85' lang='lat'><strong>5</strong></span> <span class='ocrx_word' id='word_1_36' title='bbox 69 673 147 734; x_wconf 87' lang='lat' dir='ltr'><strong>suut</strong></span> <span class='ocrx_word' id='word_1_37' title='bbox 161 671 451 754; x_wconf 70' lang='lat' dir='ltr'><strong>exercitationibus,</strong></span> <span class='ocrx_word' id='word_1_38' title='bbox 465 693 561 755; x_wconf 90' lang='lat' dir='ltr'><strong>arma,</strong></span> <span class='ocrx_word' id='word_1_39' title='bbox 571 673 707 754; x_wconf 89' lang='lat' dir='ltr'><strong>moenia,</strong></span> <span class='ocrx_word' id='word_1_40' title='bbox 716 673 802 735; x_wconf 91' lang='lat' dir='ltr'><strong>viros</strong></span> <span class='ocrx_word' id='word_1_41' title='bbox 816 674 936 754; x_wconf 88' lang='lat' dir='ltr'><strong>aptant.</strong></span> <span class='ocrx_word' id='word_1_42' title='bbox 956 671 1083 754; x_wconf 83' lang='lat' dir='ltr'><strong>Quippe</strong></span> <span class='ocrx_word' id='word_1_43' title='bbox 1102 688 1118 735; x_wconf 81' lang='lat' dir='ltr'><strong>e</strong></span> 
     </span>
     <span class='ocr_line' id='line_1_7' title="bbox 67 760 1083 843; baseline 0.002 -21"><span class='ocrx_word' id='word_1_44' title='bbox 67 780 136 822; x_wconf 92' lang='lat' dir='ltr'><strong>non</strong></span> <span class='ocrx_word' id='word_1_45' title='bbox 158 760 186 822; x_wconf 95' lang='lat' dir='ltr'><strong>is</strong></span> <span class='ocrx_word' id='word_1_46' title='bbox 209 760 367 843; x_wconf 79' lang='lat' dir='ltr'><strong>princeps,</strong></span> <span class='ocrx_word' id='word_1_47' title='bbox 390 762 445 842; x_wconf 92' lang='lat' dir='ltr'><strong>qui</strong></span> <span class='ocrx_word' id='word_1_48' title='bbox 469 761 531 825; x_wconf 90' lang='lat' dir='ltr'><strong>sibi</strong></span> <span class='ocrx_word' id='word_1_49' title='bbox 551 761 726 843; x_wconf 89' lang='lat' dir='ltr'><strong>imminere,</strong></span> <span class='ocrx_word' id='word_1_50' title='bbox 750 761 813 824; x_wconf 89' lang='lat' dir='ltr'><strong>sibi</strong></span> <span class='ocrx_word' id='word_1_51' title='bbox 835 761 959 824; x_wconf 87' lang='lat' dir='ltr'><strong>intendi</strong></span> <span class='ocrx_word' id='word_1_52' title='bbox 981 765 1083 843; x_wconf 90' lang='lat' dir='ltr'><strong>putet,</strong></span> 
     </span>
     <span class='ocr_line' id='line_1_8' title="bbox 68 846 1084 933; baseline 0.001 -22"><span class='ocrx_word' id='word_1_53' title='bbox 68 848 158 930; x_wconf 90' lang='lat' dir='ltr'><strong>quod</strong></span> <span class='ocrx_word' id='word_1_54' title='bbox 185 849 219 912; x_wconf 92' lang='lat' dir='ltr'><strong>in</strong></span> <span class='ocrx_word' id='word_1_55' title='bbox 244 846 354 912; x_wconf 80' lang='lat' dir='ltr'><strong>hostes</strong></span> <span class='ocrx_word' id='word_1_56' title='bbox 382 853 525 933; x_wconf 83' lang='lat' dir='ltr'><strong>paretur3</strong></span> <span class='ocrx_word' id='word_1_57' title='bbox 553 871 634 932; x_wconf 90' lang='lat' dir='ltr'><strong>quae</strong></span> <span class='ocrx_word' id='word_1_58' title='bbox 661 851 826 932; x_wconf 77' lang='lat' dir='ltr'><strong>persuasio</strong></span> <span class='ocrx_word' id='word_1_59' title='bbox 853 849 917 914; x_wconf 84' lang='lat' dir='ltr'><strong>fuit</strong></span> <span class='ocrx_word' id='word_1_60' title='bbox 943 849 1084 931; x_wconf 88' lang='lat' dir='ltr'><strong>illorum,</strong></span> 
     </span>
     <span class='ocr_line' id='line_1_9' title="bbox 68 936 1083 1024; baseline 0.003 -25"><span class='ocrx_word' id='word_1_61' title='bbox 68 938 136 1019; x_wconf 86' lang='lat' dir='ltr'><strong>qui,</strong></span> <span class='ocrx_word' id='word_1_62' title='bbox 157 937 288 1002; x_wconf 91' lang='lat' dir='ltr'><strong>hostilia</strong></span> <span class='ocrx_word' id='word_1_63' title='bbox 312 959 385 1002; x_wconf 91' lang='lat' dir='ltr'><strong>cum</strong></span> <span class='ocrx_word' id='word_1_64' title='bbox 406 938 559 1021; x_wconf 81' lang='lat' dir='ltr'><strong>facerent,</strong></span> <span class='ocrx_word' id='word_1_65' title='bbox 581 939 747 1003; x_wconf 90' lang='lat' dir='ltr'><strong>timebant.</strong></span> <span class='ocrx_word' id='word_1_66' title='bbox 785 936 885 1002; x_wconf 90' lang='lat' dir='ltr'><strong>Iidem</strong></span> <span class='ocrx_word' id='word_1_67' title='bbox 914 960 990 1024; x_wconf 87' lang='lat' dir='ltr'><strong>ergo</strong></span> <span class='ocrx_word' id='word_1_68' title='bbox 1019 942 1083 1002; x_wconf 90' lang='lat' dir='ltr'><strong>tor-</strong></span> 
     </span>
     <span class='ocr_line' id='line_1_10' title="bbox 68 1026 1083 1110; baseline 0.001 -21"><span class='ocrx_word' id='word_1_69' title='bbox 68 1047 146 1108; x_wconf 91' lang='lat' dir='ltr'><strong>pere</strong></span> <span class='ocrx_word' id='word_1_70' title='bbox 168 1026 319 1091; x_wconf 89' lang='lat' dir='ltr'><strong>militaria</strong></span> <span class='ocrx_word' id='word_1_71' title='bbox 342 1026 447 1091; x_wconf 91' lang='lat' dir='ltr'><strong>studia</strong></span> <span class='ocrx_word' id='word_1_72' title='bbox 470 1049 529 1091; x_wconf 91' lang='lat' dir='ltr'><strong>nec</strong></span> <span class='ocrx_word' id='word_1_73' title='bbox 552 1029 676 1092; x_wconf 88' lang='lat' dir='ltr'><strong>animos</strong></span> <span class='ocrx_word' id='word_1_74' title='bbox 695 1027 801 1109; x_wconf 84' lang='lat' dir='ltr'><strong>mode,</strong></span> <span class='ocrx_word' id='word_1_75' title='bbox 825 1027 880 1091; x_wconf 89' lang='lat' dir='ltr'><strong>sed</strong></span> <span class='ocrx_word' id='word_1_76' title='bbox 898 1032 930 1091; x_wconf 90' lang='lat' dir='ltr'><strong>et</strong></span> <span class='ocrx_word' id='word_1_77' title='bbox 949 1048 1083 1110; x_wconf 88' lang='lat' dir='ltr'><strong>corpora</strong></span> 
     </span>
     <span class='ocr_line' id='line_1_11' title="bbox 25 1115 1084 1202; baseline -0.005 -18"><span class='ocrx_word' id='word_1_78' title='bbox 25 1144 53 1184; x_wconf 82' lang='lat' dir='ltr'><strong>ro</strong></span> <span class='ocrx_word' id='word_1_79' title='bbox 68 1116 140 1197; x_wconf 88' lang='lat' dir='ltr'><strong>ipsa</strong></span> <span class='ocrx_word' id='word_1_80' title='bbox 162 1116 376 1200; x_wconf 74' lang='lat' dir='ltr'><strong>languescere,</strong></span> <span class='ocrx_word' id='word_1_81' title='bbox 400 1116 524 1202; x_wconf 79' lang='lat' dir='ltr'><strong>gladios</strong></span> <span class='ocrx_word' id='word_1_82' title='bbox 547 1117 644 1180; x_wconf 89' lang='lat' dir='ltr'><strong>etiam</strong></span> <span class='ocrx_word' id='word_1_83' title='bbox 667 1117 791 1181; x_wconf 89' lang='lat' dir='ltr'><strong>incuria</strong></span> <span class='ocrx_word' id='word_1_84' title='bbox 809 1115 954 1180; x_wconf 90' lang='lat' dir='ltr'><strong>hebetari</strong></span> <span class='ocrx_word' id='word_1_85' title='bbox 976 1120 1084 1180; x_wconf 90' lang='lat' dir='ltr'><strong>retun-</strong></span> 
     </span>
     <span class='ocr_line' id='line_1_12' title="bbox 69 1203 1083 1290; baseline 0.002 -24"><span class='ocrx_word' id='word_1_86' title='bbox 69 1203 167 1286; x_wconf 90' lang='lat' dir='ltr'><strong>dique</strong></span> <span class='ocrx_word' id='word_1_87' title='bbox 189 1204 380 1289; x_wconf 87' lang='lat' dir='ltr'><strong>gaudebant.</strong></span> <span class='ocrx_word' id='word_1_88' title='bbox 417 1204 523 1269; x_wconf 86' lang='lat' dir='ltr'><strong>Duces</strong></span> <span class='ocrx_word' id='word_1_89' title='bbox 546 1227 643 1289; x_wconf 90' lang='lat' dir='ltr'><strong>porro</strong></span> <span class='ocrx_word' id='word_1_90' title='bbox 666 1206 770 1270; x_wconf 89' lang='lat' dir='ltr'><strong>nostri</strong></span> <span class='ocrx_word' id='word_1_91' title='bbox 791 1227 858 1269; x_wconf 92' lang='lat' dir='ltr'><strong>non</strong></span> <span class='ocrx_word' id='word_1_92' title='bbox 881 1210 947 1269; x_wconf 91' lang='lat' dir='ltr'><strong>tam</strong></span> <span class='ocrx_word' id='word_1_93' title='bbox 969 1227 1083 1290; x_wconf 90' lang='lat' dir='ltr'><strong>regum</strong></span> 
     </span>
     <span class='ocr_line' id='line_1_13' title="bbox 68 1293 1083 1378; baseline 0 -21"><span class='ocrx_word' id='word_1_94' title='bbox 68 1297 252 1357; x_wconf 85' lang='lat' dir='ltr'><strong>exterorum</strong></span> <span class='ocrx_word' id='word_1_95' title='bbox 278 1315 374 1376; x_wconf 91' lang='lat' dir='ltr'><strong>quam</strong></span> <span class='ocrx_word' id='word_1_96' title='bbox 404 1316 535 1358; x_wconf 86' lang='lat' dir='ltr'><strong>suorum</strong></span> <span class='ocrx_word' id='word_1_97' title='bbox 557 1295 740 1378; x_wconf 89' lang='lat' dir='ltr'><strong>principum</strong></span> <span class='ocrx_word' id='word_1_98' title='bbox 769 1293 900 1358; x_wconf 87' lang='lat' dir='ltr'><strong>insidias</strong></span> <span class='ocrx_word' id='word_1_99' title='bbox 929 1315 988 1358; x_wconf 90' lang='lat' dir='ltr'><strong>nec</strong></span> <span class='ocrx_word' id='word_1_100' title='bbox 1015 1298 1083 1357; x_wconf 92' lang='lat' dir='ltr'><strong>tam</strong></span> 
     </span>
     <span class='ocr_line' id='line_1_14' title="bbox 66 1382 1083 1466; baseline 0 -20"><span class='ocrx_word' id='word_1_101' title='bbox 66 1382 213 1446; x_wconf 87' lang='lat' dir='ltr'><strong>hostium</strong></span> <span class='ocrx_word' id='word_1_102' title='bbox 237 1405 333 1465; x_wconf 90' lang='lat' dir='ltr'><strong>quam</strong></span> <span class='ocrx_word' id='word_1_103' title='bbox 353 1384 609 1448; x_wconf 89' lang='lat' dir='ltr'><strong>commilitonum</strong></span> <span class='ocrx_word' id='word_1_104' title='bbox 627 1405 741 1448; x_wconf 88' lang='lat' dir='ltr'><strong>manus</strong></span> <span class='ocrx_word' id='word_1_105' title='bbox 759 1382 944 1466; x_wconf 82' lang='lat' dir='ltr'><strong>ferrumque</strong></span> <span class='ocrx_word' id='word_1_106' title='bbox 963 1386 1083 1447; x_wconf 89' lang='lat' dir='ltr'><strong>metue·</strong></span> 
     </span>
     <span class='ocr_line' id='line_1_15' title="bbox 68 1467 1135 1555; baseline 0.001 -22"><span class='ocrx_word' id='word_1_107' title='bbox 68 1472 157 1534; x_wconf 92' lang='lat' dir='ltr'><strong>bant.</strong></span> <span class='ocrx_word' id='word_1_108' title='bbox 198 1471 259 1536; x_wconf 80' lang='lat' dir='ltr'><strong>Est</strong></span> <span class='ocrx_word' id='word_1_109' title='bbox 286 1472 365 1536; x_wconf 90' lang='lat' dir='ltr'><strong>haec</strong></span> <span class='ocrx_word' id='word_1_110' title='bbox 391 1475 506 1536; x_wconf 88' lang='lat' dir='ltr'><strong>natura</strong></span> <span class='ocrx_word' id='word_1_111' title='bbox 534 1467 704 1555; x_wconf 85' lang='lat' dir='ltr'><strong>sideribus,</strong></span> <span class='ocrx_word' id='word_1_112' title='bbox 730 1476 768 1536; x_wconf 89' lang='lat' dir='ltr'><strong>ut</strong></span> <span class='ocrx_word' id='word_1_113' title='bbox 797 1494 897 1555; x_wconf 86' lang='lat' dir='ltr'><strong>parva</strong></span> <span class='ocrx_word' id='word_1_114' title='bbox 924 1476 956 1536; x_wconf 91' lang='lat' dir='ltr'><strong>et</strong></span> <span class='ocrx_word' id='word_1_115' title='bbox 988 1470 1135 1536; x_wconf 80' lang='grc'><strong>61111619</strong></span> 
     </span>
     <span class='ocr_line' id='line_1_16' title="bbox 24 1560 1082 1645; baseline -0.006 -17"><span class='ocrx_word' id='word_1_116' title='bbox 24 1588 52 1628; x_wconf 78' lang='lat'><strong>1⁵</strong></span> <span class='ocrx_word' id='word_1_117' title='bbox 67 1560 260 1624; x_wconf 85' lang='lat' dir='ltr'><strong>validiorum</strong></span> <span class='ocrx_word' id='word_1_118' title='bbox 284 1565 414 1626; x_wconf 87' lang='lat' dir='ltr'><strong>exortus</strong></span> <span class='ocrx_word' id='word_1_119' title='bbox 440 1562 602 1645; x_wconf 82' lang='lat' dir='ltr'><strong>obscuret3</strong></span> <span class='ocrx_word' id='word_1_120' title='bbox 630 1561 778 1626; x_wconf 89' lang='lat' dir='ltr'><strong>similiter</strong></span> <span class='ocrx_word' id='word_1_121' title='bbox 805 1563 1007 1644; x_wconf 81' lang='lat' dir='ltr'><strong>imperatoris</strong></span> <span class='ocrx_word' id='word_1_122' title='bbox 1031 1561 1082 1624; x_wconf 90' lang='lat' dir='ltr'><strong>ad-</strong></span> 
     </span>
     <span class='ocr_line' id='line_1_17' title="bbox 67 1649 1117 1736; baseline 0.001 -24"><span class='ocrx_word' id='word_1_123' title='bbox 67 1651 168 1713; x_wconf 88' lang='lat' dir='ltr'><strong>ventu</strong></span> <span class='ocrx_word' id='word_1_124' title='bbox 186 1649 367 1735; x_wconf 89' lang='lat' dir='ltr'><strong>legatorum</strong></span> <span class='ocrx_word' id='word_1_125' title='bbox 386 1651 526 1736; x_wconf 76' lang='lat' dir='ltr'><strong>dignitas</strong></span> <span class='ocrx_word' id='word_1_126' title='bbox 545 1651 756 1715; x_wconf 86' lang='lat' dir='ltr'><strong>inumbratur.</strong></span> <span class='ocrx_word' id='word_1_127' title='bbox 788 1649 838 1714; x_wconf 82' lang='lat' dir='ltr'><strong>Tu</strong></span> <span class='ocrx_word' id='word_1_128' title='bbox 855 1654 965 1714; x_wconf 91' lang='lat' dir='ltr'><strong>tamen</strong></span> <span class='ocrx_word' id='word_1_129' title='bbox 981 1651 1083 1714; x_wconf 91' lang='lat' dir='ltr'><strong>maior</strong></span> <span class='ocrx_word' id='word_1_130' title='bbox 1102 1667 1117 1713; x_wconf 77' lang='lat'><strong>2</strong></span> 
     </span>
     <span class='ocr_line' id='line_1_18' title="bbox 67 1738 1083 1823; baseline 0.002 -22"><span class='ocrx_word' id='word_1_131' title='bbox 67 1738 219 1802; x_wconf 85' lang='lat' dir='ltr'><strong>omnibus</strong></span> <span class='ocrx_word' id='word_1_132' title='bbox 234 1739 363 1822; x_wconf 90' lang='lat' dir='ltr'><strong>quidem</strong></span> <span class='ocrx_word' id='word_1_133' title='bbox 378 1761 456 1823; x_wconf 89' lang='lat' dir='ltr'><strong>eras,</strong></span> <span class='ocrx_word' id='word_1_134' title='bbox 470 1740 526 1804; x_wconf 90' lang='lat' dir='ltr'><strong>sed</strong></span> <span class='ocrx_word' id='word_1_135' title='bbox 540 1741 609 1806; x_wconf 89' lang='lat' dir='ltr'><strong>sine</strong></span> <span class='ocrx_word' id='word_1_136' title='bbox 622 1741 720 1804; x_wconf 90' lang='lat' dir='ltr'><strong>ullius</strong></span> <span class='ocrx_word' id='word_1_137' title='bbox 735 1740 954 1804; x_wconf 86' lang='lat' dir='ltr'><strong>deminutione</strong></span> <span class='ocrx_word' id='word_1_138' title='bbox 967 1741 1083 1823; x_wconf 71' lang='lat' dir='ltr'><strong>maior,</strong></span> 
     </span>
     <span class='ocr_line' id='line_1_19' title="bbox 67 1828 1083 1913; baseline 0.001 -23"><span class='ocrx_word' id='word_1_139' title='bbox 67 1828 202 1891; x_wconf 90' lang='lat' dir='ltr'><strong>eandem</strong></span> <span class='ocrx_word' id='word_1_140' title='bbox 217 1829 441 1893; x_wconf 88' lang='lat' dir='ltr'><strong>auctoritatem</strong></span> <span class='ocrx_word' id='word_1_141' title='bbox 455 1833 622 1912; x_wconf 86' lang='lat' dir='ltr'><strong>praesente</strong></span> <span class='ocrx_word' id='word_1_142' title='bbox 640 1833 673 1893; x_wconf 90' lang='lat' dir='ltr'><strong>te</strong></span> <span class='ocrx_word' id='word_1_143' title='bbox 688 1831 824 1913; x_wconf 90' lang='lat' dir='ltr'><strong>quisque</strong></span> <span class='ocrx_word' id='word_1_144' title='bbox 838 1851 935 1913; x_wconf 90' lang='lat' dir='ltr'><strong>quam</strong></span> <span class='ocrx_word' id='word_1_145' title='bbox 952 1831 1083 1893; x_wconf 81' lang='lat' dir='ltr'><strong>absente</strong></span> 
     </span>
     <span class='ocr_line' id='line_1_20' title="bbox 67 1917 1083 2002; baseline 0.001 -22"><span class='ocrx_word' id='word_1_146' title='bbox 67 1917 241 2001; x_wconf 73' lang='lat' dir='ltr'><strong>retinebat,</strong></span> <span class='ocrx_word' id='word_1_147' title='bbox 265 1919 344 2000; x_wconf 90' lang='lat' dir='ltr'><strong>quin</strong></span> <span class='ocrx_word' id='word_1_148' title='bbox 367 1919 464 1982; x_wconf 90' lang='lat' dir='ltr'><strong>etiam</strong></span> <span class='ocrx_word' id='word_1_149' title='bbox 481 1920 643 2002; x_wconf 88' lang='lat' dir='ltr'><strong>plerisque</strong></span> <span class='ocrx_word' id='word_1_150' title='bbox 666 1940 706 1982; x_wconf 86' lang='lat' dir='ltr'><strong>ex</strong></span> <span class='ocrx_word' id='word_1_151' title='bbox 724 1941 762 1982; x_wconf 93' lang='lat' dir='ltr'><strong>eo</strong></span> <span class='ocrx_word' id='word_1_152' title='bbox 784 1920 962 1983; x_wconf 88' lang='lat' dir='ltr'><strong>reverentia</strong></span> <span class='ocrx_word' id='word_1_153' title='bbox 981 1938 1083 1982; x_wconf 89' lang='grc'><strong>66666-</strong></span> 
     </span>
     <span class='ocr_line' id='line_1_21' title="bbox 25 2005 1117 2090; baseline -0.004 -18"><span class='ocrx_word' id='word_1_154' title='bbox 25 2033 53 2072; x_wconf 80' lang='lat' dir='ltr'><strong>ao</strong></span> <span class='ocrx_word' id='word_1_155' title='bbox 68 2007 163 2087; x_wconf 89' lang='lat' dir='ltr'><strong>serat,</strong></span> <span class='ocrx_word' id='word_1_156' title='bbox 186 2006 272 2088; x_wconf 90' lang='lat' dir='ltr'><strong>quod</strong></span> <span class='ocrx_word' id='word_1_157' title='bbox 295 2009 332 2070; x_wconf 89' lang='lat' dir='ltr'><strong>tu</strong></span> <span class='ocrx_word' id='word_1_158' title='bbox 351 2028 478 2090; x_wconf 90' lang='lat' dir='ltr'><strong>quoque</strong></span> <span class='ocrx_word' id='word_1_159' title='bbox 497 2009 570 2071; x_wconf 92' lang='lat' dir='ltr'><strong>illos</strong></span> <span class='ocrx_word' id='word_1_160' title='bbox 588 2009 782 2072; x_wconf 89' lang='lat' dir='ltr'><strong>reverebare.</strong></span> <span class='ocrx_word' id='word_1_161' title='bbox 819 2005 933 2090; x_wconf 88' lang='lat' dir='ltr'><strong>Itaque</strong></span> <span class='ocrx_word' id='word_1_162' title='bbox 951 2006 1082 2089; x_wconf 86' lang='lat' dir='ltr'><strong>perinde</strong></span> <span class='ocrx_word' id='word_1_163' title='bbox 1103 2023 1117 2069; x_wconf 85' lang='lat'><strong>3</strong></span> 
     </span>
     <span class='ocr_line' id='line_1_22' title="bbox 68 2095 1083 2182; baseline 0.001 -25"><span class='ocrx_word' id='word_1_164' title='bbox 68 2095 203 2158; x_wconf 90' lang='lat' dir='ltr'><strong>summis</strong></span> <span class='ocrx_word' id='word_1_165' title='bbox 227 2098 323 2178; x_wconf 88' lang='lat' dir='ltr'><strong>atque</strong></span> <span class='ocrx_word' id='word_1_166' title='bbox 346 2095 465 2160; x_wconf 90' lang='lat' dir='ltr'><strong>infimis</strong></span> <span class='ocrx_word' id='word_1_167' title='bbox 489 2117 580 2160; x_wconf 89' lang='lat' dir='ltr'><strong>carus</strong></span> <span class='ocrx_word' id='word_1_168' title='bbox 605 2097 651 2160; x_wconf 89' lang='lat' dir='ltr'><strong>sic</strong></span> <span class='ocrx_word' id='word_1_169' title='bbox 678 2098 903 2182; x_wconf 87' lang='lat' dir='ltr'><strong>imperatorem</strong></span> <span class='ocrx_word' id='word_1_170' title='bbox 928 2096 1083 2158; x_wconf 86' lang='lat' dir='ltr'><strong>commili-</strong></span> 
     </span>
     <span class='ocr_line' id='line_1_23' title="bbox 65 2184 1126 2268; baseline 0 -22"><span class='ocrx_word' id='word_1_171' title='bbox 65 2187 241 2266; x_wconf 89' lang='lat' dir='ltr'><strong>tonemque</strong></span> <span class='ocrx_word' id='word_1_172' title='bbox 264 2186 446 2268; x_wconf 89' lang='lat' dir='ltr'><strong>miscueras,</strong></span> <span class='ocrx_word' id='word_1_173' title='bbox 472 2189 510 2248; x_wconf 88' lang='lat' dir='ltr'><strong>ut</strong></span> <span class='ocrx_word' id='word_1_174' title='bbox 533 2185 675 2249; x_wconf 88' lang='lat' dir='ltr'><strong>studium</strong></span> <span class='ocrx_word' id='word_1_175' title='bbox 704 2185 848 2248; x_wconf 88' lang='lat' dir='ltr'><strong>omnium</strong></span> <span class='ocrx_word' id='word_1_176' title='bbox 874 2184 1083 2267; x_wconf 85' lang='lat' dir='ltr'><strong>laboremque</strong></span> <span class='ocrx_word' id='word_1_177' title='bbox 1124 2209 1126 2214; x_wconf 94' lang='lat'>·</span> 
     </span>
     <span class='ocr_line' id='line_1_24' title="bbox 67 2274 1082 2356; baseline 0.001 -21"><span class='ocrx_word' id='word_1_178' title='bbox 67 2275 102 2336; x_wconf 92' lang='lat' dir='ltr'><strong>et</strong></span> <span class='ocrx_word' id='word_1_179' title='bbox 124 2275 288 2355; x_wconf 88' lang='lat' dir='ltr'><strong>tamquam</strong></span> <span class='ocrx_word' id='word_1_180' title='bbox 311 2278 442 2337; x_wconf 86' lang='lat' dir='ltr'><strong>exactor</strong></span> <span class='ocrx_word' id='word_1_181' title='bbox 466 2275 646 2340; x_wconf 87' lang='lat' dir='ltr'><strong>intenderes</strong></span> <span class='ocrx_word' id='word_1_182' title='bbox 674 2277 707 2337; x_wconf 91' lang='lat' dir='ltr'><strong>et</strong></span> <span class='ocrx_word' id='word_1_183' title='bbox 729 2276 895 2355; x_wconf 88' lang='lat' dir='ltr'><strong>tamquam</strong></span> <span class='ocrx_word' id='word_1_184' title='bbox 922 2274 1082 2356; x_wconf 87' lang='lat' dir='ltr'><strong>particeps</strong></span> 
     </span>
     <span class='ocr_line' id='line_1_25' title="bbox 67 2361 1119 2446; baseline 0 -22"><span class='ocrx_word' id='word_1_185' title='bbox 67 2361 239 2444; x_wconf 87' lang='lat' dir='ltr'><strong>sociusque</strong></span> <span class='ocrx_word' id='word_1_186' title='bbox 261 2364 426 2427; x_wconf 84' lang='lat' dir='ltr'><strong>relevares.</strong></span> <span class='ocrx_word' id='word_1_187' title='bbox 463 2361 585 2427; x_wconf 83' lang='lat' dir='ltr'><strong>Felices</strong></span> <span class='ocrx_word' id='word_1_188' title='bbox 612 2364 694 2446; x_wconf 84' lang='lat' dir='ltr'><strong>illos,</strong></span> <span class='ocrx_word' id='word_1_189' title='bbox 718 2383 855 2445; x_wconf 89' lang='lat' dir='ltr'><strong>quorum</strong></span> <span class='ocrx_word' id='word_1_190' title='bbox 878 2362 958 2426; x_wconf 90' lang='lat' dir='ltr'><strong>fides</strong></span> <span class='ocrx_word' id='word_1_191' title='bbox 982 2366 1014 2426; x_wconf 89' lang='lat' dir='ltr'><strong>et</strong></span> <span class='ocrx_word' id='word_1_192' title='bbox 1037 2363 1083 2424; x_wconf 92' lang='lat' dir='ltr'><strong>in-</strong></span> <span class='ocrx_word' id='word_1_193' title='bbox 1102 2379 1119 2424; x_wconf 88' lang='lat'>4</span> 
     </span>
     <span class='ocr_line' id='line_1_26' title="bbox 26 2450 1082 2535; baseline -0.004 -18"><span class='ocrx_word' id='word_1_194' title='bbox 26 2477 53 2517; x_wconf 76' lang='grc'><strong>11</strong></span> <span class='ocrx_word' id='word_1_195' title='bbox 68 2450 192 2513; x_wconf 87' lang='lat' dir='ltr'><strong>dustria</strong></span> <span class='ocrx_word' id='word_1_196' title='bbox 210 2473 277 2514; x_wconf 92' lang='lat' dir='ltr'><strong>non</strong></span> <span class='ocrx_word' id='word_1_197' title='bbox 294 2473 352 2535; x_wconf 89' lang='lat' dir='ltr'><strong>per</strong></span> <span class='ocrx_word' id='word_1_198' title='bbox 374 2453 588 2516; x_wconf 90' lang='lat' dir='ltr'><strong>internuntios</strong></span> <span class='ocrx_word' id='word_1_199' title='bbox 607 2455 640 2516; x_wconf 88' lang='lat' dir='ltr'><strong>et</strong></span> <span class='ocrx_word' id='word_1_200' title='bbox 658 2453 858 2535; x_wconf 87' lang='lat' dir='ltr'><strong>interpretes,</strong></span> <span class='ocrx_word' id='word_1_201' title='bbox 876 2451 932 2516; x_wconf 90' lang='lat' dir='ltr'><strong>sed</strong></span> <span class='ocrx_word' id='word_1_202' title='bbox 953 2451 993 2516; x_wconf 92' lang='lat' dir='ltr'><strong>ab</strong></span> <span class='ocrx_word' id='word_1_203' title='bbox 1011 2452 1082 2533; x_wconf 90' lang='lat' dir='ltr'><strong>ipso</strong></span> 
     </span>
     <span class='ocr_line' id='line_1_27' title="bbox 67 2538 1084 2624; baseline 0 -22"><span class='ocrx_word' id='word_1_204' title='bbox 67 2543 102 2602; x_wconf 87' lang='lat' dir='ltr'><strong>te</strong></span> <span class='ocrx_word' id='word_1_205' title='bbox 124 2559 184 2603; x_wconf 90' lang='lat' dir='ltr'><strong>nec</strong></span> <span class='ocrx_word' id='word_1_206' title='bbox 207 2541 337 2604; x_wconf 81' lang='lat' dir='ltr'><strong>auribus</strong></span> <span class='ocrx_word' id='word_1_207' title='bbox 356 2542 431 2624; x_wconf 87' lang='lat' dir='ltr'><strong>tuis,</strong></span> <span class='ocrx_word' id='word_1_208' title='bbox 450 2540 505 2606; x_wconf 90' lang='lat' dir='ltr'><strong>sed</strong></span> <span class='ocrx_word' id='word_1_209' title='bbox 525 2542 626 2605; x_wconf 90' lang='lat' dir='ltr'><strong>oculis</strong></span> <span class='ocrx_word' id='word_1_210' title='bbox 644 2541 878 2624; x_wconf 87' lang='lat' dir='ltr'><strong>probabanturl</strong></span> <span class='ocrx_word' id='word_1_211' title='bbox 912 2538 1084 2603; x_wconf 78' lang='lat' dir='ltr'><strong>Consecuti</strong></span> 
     </span>
     <span class='ocr_line' id='line_1_28' title="bbox 68 2629 1083 2713; baseline -0.001 -21"><span class='ocrx_word' id='word_1_212' title='bbox 68 2631 155 2711; x_wconf 87' lang='lat' dir='ltr'><strong>sunt,</strong></span> <span class='ocrx_word' id='word_1_213' title='bbox 181 2633 218 2692; x_wconf 91' lang='lat' dir='ltr'><strong>ut</strong></span> <span class='ocrx_word' id='word_1_214' title='bbox 246 2629 360 2693; x_wconf 88' lang='lat' dir='ltr'><strong>absens</strong></span> <span class='ocrx_word' id='word_1_215' title='bbox 389 2651 517 2713; x_wconf 86' lang='lat' dir='ltr'><strong>quoque</strong></span> <span class='ocrx_word' id='word_1_216' title='bbox 546 2630 584 2693; x_wconf 91' lang='lat' dir='ltr'><strong>de</strong></span> <span class='ocrx_word' id='word_1_217' title='bbox 612 2630 799 2694; x_wconf 90' lang='lat' dir='ltr'><strong>absentibus</strong></span> <span class='ocrx_word' id='word_1_218' title='bbox 827 2630 948 2693; x_wconf 90' lang='lat' dir='ltr'><strong>nemini</strong></span> <span class='ocrx_word' id='word_1_219' title='bbox 979 2629 1083 2713; x_wconf 84' lang='lat' dir='ltr'><strong>magis</strong></span> 
     </span>
     <span class='ocr_line' id='line_1_29' title="bbox 69 2718 429 2799; baseline 0.011 -20"><span class='ocrx_word' id='word_1_220' title='bbox 69 2739 167 2799; x_wconf 90' lang='lat' dir='ltr'><strong>quam</strong></span> <span class='ocrx_word' id='word_1_221' title='bbox 192 2718 253 2781; x_wconf 91' lang='lat' dir='ltr'><strong>tibi</strong></span> <span class='ocrx_word' id='word_1_222' title='bbox 277 2718 429 2783; x_wconf 90' lang='lat' dir='ltr'><strong>crederes.</strong></span> 
     </span>
     <span class='ocr_line' id='line_1_30' title="bbox 136 2803 1136 2890; baseline -0.002 -20"><span class='ocrx_word' id='word_1_223' title='bbox 136 2805 204 2870; x_wconf 91' lang='lat' dir='ltr'><strong>Iam</strong></span> <span class='ocrx_word' id='word_1_224' title='bbox 237 2811 269 2871; x_wconf 89' lang='lat' dir='ltr'><strong>te</strong></span> <span class='ocrx_word' id='word_1_225' title='bbox 301 2809 420 2873; x_wconf 89' lang='lat' dir='ltr'><strong>civium</strong></span> <span class='ocrx_word' id='word_1_226' title='bbox 453 2808 608 2872; x_wconf 90' lang='lat' dir='ltr'><strong>desideria</strong></span> <span class='ocrx_word' id='word_1_227' title='bbox 639 2809 846 2890; x_wconf 87' lang='lat' dir='ltr'><strong>revocabant,</strong></span> <span class='ocrx_word' id='word_1_228' title='bbox 878 2803 1136 2889; x_wconf 77' lang='lat' dir='ltr'><strong>amoremque20</strong></span> 
     </span>
     <span class='ocr_line' id='line_1_31' title="bbox 26 2893 1083 2981; baseline -0.005 -19"><span class='ocrx_word' id='word_1_229' title='bbox 26 2921 53 2962; x_wconf 86' lang='lat' dir='ltr'><strong>ao</strong></span> <span class='ocrx_word' id='word_1_230' title='bbox 68 2898 248 2960; x_wconf 86' lang='lat' dir='ltr'><strong>castrorum</strong></span> <span class='ocrx_word' id='word_1_231' title='bbox 263 2897 434 2981; x_wconf 88' lang='lat' dir='ltr'><strong>superabat</strong></span> <span class='ocrx_word' id='word_1_232' title='bbox 451 2898 567 2961; x_wconf 89' lang='lat' dir='ltr'><strong>caritas</strong></span> <span class='ocrx_word' id='word_1_233' title='bbox 581 2897 712 2980; x_wconf 87' lang='lat' dir='ltr'><strong>patriae.</strong></span> <span class='ocrx_word' id='word_1_234' title='bbox 745 2893 811 2959; x_wconf 90' lang='lat' dir='ltr'><strong>lter</strong></span> <span class='ocrx_word' id='word_1_235' title='bbox 829 2897 903 2960; x_wconf 91' lang='lat' dir='ltr'><strong>inde</strong></span> <span class='ocrx_word' id='word_1_236' title='bbox 921 2895 1083 2979; x_wconf 87' lang='lat' dir='ltr'><strong>placidum</strong></span> 
     </span>
     <span class='ocr_line' id='line_1_32' title="bbox 67 2983 1118 3069; baseline -0.002 -21"><span class='ocrx_word' id='word_1_237' title='bbox 67 3005 106 3048; x_wconf 92' lang='lat' dir='ltr'><strong>ac</strong></span> <span class='ocrx_word' id='word_1_238' title='bbox 129 2984 310 3049; x_wconf 88' lang='lat' dir='ltr'><strong>modestum</strong></span> <span class='ocrx_word' id='word_1_239' title='bbox 330 2989 362 3050; x_wconf 90' lang='lat' dir='ltr'><strong>et</strong></span> <span class='ocrx_word' id='word_1_240' title='bbox 384 2987 479 3069; x_wconf 91' lang='lat' dir='ltr'><strong>plane</strong></span> <span class='ocrx_word' id='word_1_241' title='bbox 501 3007 615 3069; x_wconf 89' lang='lat' dir='ltr'><strong>apaee</strong></span> <span class='ocrx_word' id='word_1_242' title='bbox 633 2986 805 3049; x_wconf 89' lang='lat' dir='ltr'><strong>redeuntis.</strong></span> <span class='ocrx_word' id='word_1_243' title='bbox 840 2983 910 3048; x_wconf 87' lang='lat' dir='ltr'><strong>Nec</strong></span> <span class='ocrx_word' id='word_1_244' title='bbox 928 3006 1003 3048; x_wconf 89' lang='lat' dir='ltr'><strong>vero</strong></span> <span class='ocrx_word' id='word_1_245' title='bbox 1023 3005 1082 3068; x_wconf 88' lang='lat' dir='ltr'><strong>ego</strong></span> <span class='ocrx_word' id='word_1_246' title='bbox 1103 3000 1118 3046; x_wconf 81' lang='grc'><strong>6</strong></span> 
     </span>
     <span class='ocr_line' id='line_1_33' title="bbox 67 3073 1085 3158; baseline -0.001 -22"><span class='ocrx_word' id='word_1_247' title='bbox 67 3074 103 3137; x_wconf 93' lang='lat' dir='ltr'><strong>in</strong></span> <span class='ocrx_word' id='word_1_248' title='bbox 115 3073 266 3138; x_wconf 89' lang='lat' dir='ltr'><strong>laudibus</strong></span> <span class='ocrx_word' id='word_1_249' title='bbox 280 3077 345 3139; x_wconf 90' lang='lat' dir='ltr'><strong>tuis</strong></span> <span class='ocrx_word' id='word_1_250' title='bbox 359 3097 487 3158; x_wconf 87' lang='lat' dir='ltr'><strong>ponam,</strong></span> <span class='ocrx_word' id='word_1_251' title='bbox 503 3075 589 3158; x_wconf 90' lang='lat' dir='ltr'><strong>quod</strong></span> <span class='ocrx_word' id='word_1_252' title='bbox 607 3075 780 3138; x_wconf 89' lang='lat' dir='ltr'><strong>adventum</strong></span> <span class='ocrx_word' id='word_1_253' title='bbox 798 3078 892 3137; x_wconf 90' lang='lat' dir='ltr'><strong>tuum</strong></span> <span class='ocrx_word' id='word_1_254' title='bbox 909 3094 976 3137; x_wconf 92' lang='lat' dir='ltr'><strong>non</strong></span> <span class='ocrx_word' id='word_1_255' title='bbox 993 3077 1085 3155; x_wconf 88' lang='lat' dir='ltr'><strong>pater</strong></span> 
     </span>
     <span class='ocr_line' id='line_1_34' title="bbox 67 3162 1084 3247; baseline -0.001 -21"><span class='ocrx_word' id='word_1_256' title='bbox 67 3162 249 3246; x_wconf 87' lang='lat' dir='ltr'><strong>quisquam,</strong></span> <span class='ocrx_word' id='word_1_257' title='bbox 272 3185 338 3228; x_wconf 91' lang='lat' dir='ltr'><strong>non</strong></span> <span class='ocrx_word' id='word_1_258' title='bbox 358 3165 495 3228; x_wconf 83' lang='lat' dir='ltr'><strong>maritus</strong></span> <span class='ocrx_word' id='word_1_259' title='bbox 518 3165 661 3247; x_wconf 83' lang='lat' dir='ltr'><strong>expavit3</strong></span> <span class='ocrx_word' id='word_1_260' title='bbox 684 3163 832 3226; x_wconf 86' lang='lat' dir='ltr'><strong>affectata</strong></span> <span class='ocrx_word' id='word_1_261' title='bbox 850 3163 921 3226; x_wconf 86' lang='lat' dir='ltr'><strong>aliis</strong></span> <span class='ocrx_word' id='word_1_262' title='bbox 945 3162 1084 3244; x_wconf 80' lang='lat' dir='ltr'><strong>castitas,</strong></span> 
     </span>
     <span class='ocr_line' id='line_1_35' title="bbox 67 3251 1085 3337; baseline -0.001 -23"><span class='ocrx_word' id='word_1_263' title='bbox 67 3251 131 3315; x_wconf 93' lang='lat' dir='ltr'><strong>tibi</strong></span> <span class='ocrx_word' id='word_1_264' title='bbox 153 3253 298 3337; x_wconf 88' lang='lat' dir='ltr'><strong>ingenita</strong></span> <span class='ocrx_word' id='word_1_265' title='bbox 317 3257 350 3316; x_wconf 91' lang='lat' dir='ltr'><strong>et</strong></span> <span class='ocrx_word' id='word_1_266' title='bbox 373 3253 483 3316; x_wconf 88' lang='lat' dir='ltr'><strong>innata</strong></span> <span class='ocrx_word' id='word_1_267' title='bbox 506 3255 653 3334; x_wconf 90' lang='lat' dir='ltr'><strong>interque</strong></span> <span class='ocrx_word' id='word_1_268' title='bbox 672 3274 718 3334; x_wconf 91' lang='grc'><strong>66,</strong></span> <span class='ocrx_word' id='word_1_269' title='bbox 737 3273 818 3334; x_wconf 89' lang='lat' dir='ltr'><strong>quae</strong></span> <span class='ocrx_word' id='word_1_270' title='bbox 837 3252 995 3334; x_wconf 90' lang='lat' dir='ltr'><strong>imputare</strong></span> <span class='ocrx_word' id='word_1_271' title='bbox 1018 3272 1085 3314; x_wconf 93' lang='lat' dir='ltr'><strong>non</strong></span> 
     </span>
     <span class='ocr_line' id='line_1_36' title="bbox 27 3339 1119 3426; baseline -0.005 -20"><span class='ocrx_word' id='word_1_272' title='bbox 27 3366 52 3406; x_wconf 79' lang='lat' dir='ltr'><strong>as</strong></span> <span class='ocrx_word' id='word_1_273' title='bbox 67 3342 182 3424; x_wconf 90' lang='lat' dir='ltr'><strong>possis.</strong></span> <span class='ocrx_word' id='word_1_274' title='bbox 219 3340 337 3405; x_wconf 87' lang='lat' dir='ltr'><strong>Nullus</strong></span> <span class='ocrx_word' id='word_1_275' title='bbox 356 3343 391 3405; x_wconf 92' lang='lat' dir='ltr'><strong>in</strong></span> <span class='ocrx_word' id='word_1_276' title='bbox 409 3341 574 3426; x_wconf 83' lang='lat' dir='ltr'><strong>exigendis</strong></span> <span class='ocrx_word' id='word_1_277' title='bbox 597 3340 753 3404; x_wconf 88' lang='lat' dir='ltr'><strong>vehiculis</strong></span> <span class='ocrx_word' id='word_1_278' title='bbox 772 3339 940 3422; x_wconf 88' lang='lat' dir='ltr'><strong>tumultus,</strong></span> <span class='ocrx_word' id='word_1_279' title='bbox 958 3339 1084 3403; x_wconf 86' lang='lat' dir='ltr'><strong>nullum</strong></span> <span class='ocrx_word' id='word_1_280' title='bbox 1104 3356 1119 3400; x_wconf 87' lang='lat'><strong>3</strong></span> 
     </span>
    </p>
   </div>
   <div class='ocr_carea' id='block_1_3' title="bbox 141 3532 781 3606">
    <p class='ocr_par' dir='ltr' id='par_1_3' title="bbox 141 3532 781 3606">
     <span class='ocr_line' id='line_1_37' title="bbox 141 3532 781 3606; baseline -0.002 -19"><span class='ocrx_word' id='word_1_281' title='bbox 141 3540 156 3587; x_wconf 87' lang='grc'>3</span> <span class='ocrx_word' id='word_1_282' title='bbox 177 3535 230 3606; x_wconf 78' lang='lat' dir='ltr'><strong>[et]</strong></span> <span class='ocrx_word' id='word_1_283' title='bbox 250 3535 337 3599; x_wconf 82' lang='lat' dir='ltr'><strong>KH,</strong></span> <span class='ocrx_word' id='word_1_284' title='bbox 357 3535 463 3588; x_wconf 75' lang='lat' dir='ltr'><strong>Barsa.</strong></span> <span class='ocrx_word' id='word_1_285' title='bbox 478 3539 540 3599; x_wconf 86' lang='grc'><strong>168,</strong></span> <span class='ocrx_word' id='word_1_286' title='bbox 559 3532 660 3586; x_wconf 84' lang='lat' dir='ltr'><strong>exinde</strong></span> <span class='ocrx_word' id='word_1_287' title='bbox 679 3533 781 3586; x_wconf 83' lang='lat' dir='ltr'><strong>Baebr.</strong></span> 
     </span>
    </p>
   </div>
   <div class='ocr_carea' id='block_1_4' title="bbox 0 0 1237 3940">
    <p class='ocr_par' dir='ltr' id='par_1_4' title="bbox 0 0 1237 3940">
     <span class='ocr_line' id='line_1_38' title="bbox 0 0 1237 3940; baseline 0 0"><span class='ocrx_word' id='word_1_288' title='bbox 0 0 1237 3940; x_wconf 95' lang='lat' dir='ltr'><strong> </strong></span> 
     </span>
    </p>
   </div>
  </div>
 </body>
</html>
