2458 3940
160 153 224 217 372
591 153 619 208 C.
638 153 736 206 PLIM

125 335 140 382 3
159 317 252 401 vidia,
276 317 366 381 cuius
389 317 461 380 finis
486 321 534 381 est
557 317 675 380 odium.
712 316 782 393 Quo
802 317 932 400 quidem
950 315 1166 380 admirabilius

160 407 407 471 existimandum
421 410 478 489 est,
492 406 578 488 quod
596 405 783 470 mulieribus
799 405 922 470 duabus
938 405 974 469 in
990 427 1054 469 una
1072 406 1166 469 domo

158 497 292 580 parique
313 495 444 559 fortuna
466 496 591 559 nullum
618 499 786 578 certamen,
808 493 897 558 nulla
926 494 1086 559 contentio
1110 499 1166 558 est.

123 603 140 648 4
160 584 345 667 Suspiciunt
363 583 509 667 invicem,
528 585 664 648 invicem
684 585 809 667 cedunt,
829 605 965 666 cumque
983 586 1015 647 te
1032 587 1167 666 utraque

160 673 348 737 effusissime
372 672 494 757 diligat,
516 673 599 737 nihil
617 695 674 736 sua
692 676 808 756 putant
826 673 988 755 interesse,
1006 676 1111 736 utram
1130 676 1166 736 tu
1194 701 1217 739 1

158 761 262 847 magis
277 783 371 826 ames.
394 760 483 826 Idem
498 762 626 846 utrique
639 763 849 846 propositum,
864 761 949 825 idem
966 765 1059 825 tenor
1073 761 1167 844 vitae,

124 851 312 934 enihilque,
336 872 375 914 ex
398 871 462 932 quo
486 852 603 915 sentias
630 851 707 914 duas
735 873 812 915 esse.
852 849 898 914 Te
926 850 1011 914 enim
1039 850 1168 933 imitari,
1216 853 1217 920 ἶ

159 944 191 1004 te
215 940 367 1022 subsequi
391 940 526 1004 student,
563 938 638 1003 Ideo
658 944 793 1024 utraque
811 961 917 1004 mores
936 940 1073 1017 eosdem,
1092 939 1170 1022 quia
1216 965 1217 988 1

158 1034 294 1112 utraque
321 1033 394 1092 tuos
421 1028 526 1093 habet.
562 1027 640 1092 Inde
668 1029 853 1112 moderatio,
881 1028 955 1092 inde
979 1029 1074 1092 etiam
1097 1051 1170 1111 per·

156 1123 255 1202 petua
278 1118 439 1182 securitas.
474 1116 588 1201 Neque
612 1118 697 1182 enim
723 1139 877 1201 umquam
901 1115 1170 1201 periclitabuntur
1184 1131 1217 1204 111

123 1224 226 1272 cesse
248 1208 400 1291 privatae,
428 1228 508 1290 quae
535 1228 601 1271 non
630 1207 799 1271 desierunt.
837 1204 1006 1270 Obtulerat
1033 1205 1098 1269 illis
1122 1228 1171 1269 se-

158 1300 252 1361 natus
272 1317 451 1381 cognomen
464 1295 694 1380 Augustarum,
713 1296 799 1379 quod
817 1297 963 1360 certatim
982 1296 1171 1379 deprecatae

159 1391 243 1468 sunt,
266 1407 362 1469 quam
386 1384 441 1448 diu
464 1385 713 1469 appellationem
740 1385 840 1468 patris
867 1385 990 1468 patriae
1016 1388 1053 1448 tu
1079 1405 1172 1448 recu·
1216 1451 1217 1454 ,

159 1496 269 1557 sesses,
297 1495 353 1538 seu
381 1473 467 1557 quod
493 1475 566 1557 plus
596 1495 664 1538 esse
692 1475 726 1538 in
753 1495 791 1538 eo
819 1474 1012 1556 indicabant,
1035 1474 1063 1536 si
1085 1495 1173 1537 uxor

124 1567 190 1630 aet
213 1585 303 1628 soror
325 1567 381 1625 tua
404 1584 499 1645 quam
524 1564 551 1626 si
573 1561 739 1648 Augustae
759 1563 946 1627 dicerentur.
984 1560 1056 1644 Sed,
1073 1584 1173 1645 quae·
1188 1585 1217 1630 111

159 1673 295 1734 cumque
319 1653 383 1714 illis
405 1653 488 1715 ratio
507 1655 629 1716 tantam
648 1652 838 1717 modestiam
857 1652 967 1735 suasit,
983 1651 1047 1716 hoc
1063 1653 1173 1737 magis
1216 1679 1217 1696 1

158 1741 272 1826 dignae
293 1743 376 1822 sunt,
394 1760 475 1822 quae
493 1741 528 1804 in
546 1741 659 1805 animis
678 1741 796 1804 nostris
811 1744 843 1804 et
862 1741 926 1804 sint
941 1744 972 1804 et
990 1740 1174 1804 habeantur
1216 1737 1217 1780 ³

123 1832 325 1914 saugustae,
354 1829 428 1912 quia
455 1850 522 1894 non
548 1834 710 1894 vocantur.
751 1827 834 1905 Quid
861 1831 948 1893 enim
974 1827 1173 1893 laudabilius
1216 1829 1217 1836 '

157 1919 299 2000 feminis,
332 1940 428 2001 quam
460 1919 488 1981 si
514 1940 625 1983 verum
654 1919 809 1982 honorem
839 1940 906 1982 non
933 1919 967 1982 in
999 1918 1175 2000 splendore

156 2008 333 2091 titulorum,
348 2007 403 2070 sed
422 2007 456 2070 in
473 2008 599 2072 iudiciis
617 2007 784 2072 hominum
803 2011 961 2091 reponant
978 2008 1175 2092 magnisque
1190 2031 1217 2084 au

157 2097 341 2161 nominibus
364 2119 457 2180 pares
481 2119 514 2161 se
536 2097 664 2177 faciant,
688 2099 720 2160 et
744 2096 819 2160 dum
842 2097 1013 2161 recusant?
1216 2119 1217 2156 1

106 2185 151 2252 85
223 2185 291 2250 Iam
310 2187 406 2249 etiam
425 2186 459 2249 in
477 2187 674 2270 privatorum
693 2186 808 2249 animis
827 2186 1008 2249 exoleverat
1025 2186 1176 2268 priscum

157 2275 341 2338 mortalium
355 2275 485 2357 bonum,
499 2275 647 2358 amicitia,
666 2276 756 2339 cuius
774 2275 934 2339 inlocum
953 2275 1178 2359 migraverant
1216 2279 1217 2358 1

157 2363 402 2445 adsentationes,
420 2363 592 2428 blanditiae
611 2367 643 2427 et
659 2364 748 2446 peior
768 2362 840 2428 odio
859 2364 975 2427 amoris
995 2363 1178 2428 simulatio.
1216 2377 1217 2400 ³

108 2503 109 2510 ,
157 2451 287 2516 Etenim
314 2453 349 2515 in
375 2453 554 2535 principum
585 2453 679 2516 domo
709 2473 828 2517 nomen
854 2455 981 2516 tantum
1008 2453 1178 2516 amicitiae
1194 2481 1214 2520 a

123 2560 138 2606 a
159 2542 252 2604 inane
275 2541 395 2605 scilicet
418 2543 608 2625 irrisumque
630 2542 822 2605 remanebat.
854 2539 939 2605 Nam
963 2541 1018 2625 qui
1041 2545 1179 2624 poterat

159 2651 226 2693 esse
250 2631 410 2693 intereos
438 2631 587 2713 amicitia,
615 2651 752 2714 quorum
780 2630 842 2694 sibi
869 2630 925 2693 alii
952 2630 1083 2713 domini,
1115 2630 1178 2695 alii

159 2719 241 2782 servi
270 2718 481 2782 videbantur?
522 2717 572 2782 Tu
601 2719 684 2784 hanc
713 2720 840 2802 pulsam
870 2723 902 2783 et
931 2722 1090 2783 errantem
1124 2742 1180 2784 re

124 2826 139 2874 3
159 2808 291 2891 duxisti3
308 2807 408 2871 habes
427 2807 554 2892 amicos,
572 2809 647 2890 quia
666 2809 786 2872 amicus
800 2809 869 2892 ipse
883 2828 926 2872 es.
948 2806 1062 2892 Neque
1082 2809 1179 2872 enim

158 2900 195 2961 ut
223 2897 285 2960 alia
313 2897 464 2961 subiectis
492 2898 537 2960 ita
564 2919 654 2961 amor
676 2898 859 2982 imperatur,
881 2917 985 2979 neque
1009 2900 1058 2960 est
1081 2898 1180 2961 ullus
1195 2899 1217 2976 er]

159 2986 291 3051 affectus
314 2991 380 3050 tam
399 2990 522 3052 erectus
542 2991 573 3050 et
591 2987 673 3050 liber
690 2989 722 3050 et
741 2985 968 3050 dominationis
987 2985 1180 3068 impatiens,
1216 2999 1217 3072 Q

124 3094 218 3141 rnec
241 3075 296 3158 qui
323 3075 425 3160 magis
453 3076 538 3139 vices
566 3075 680 3160 exigat.
716 3073 828 3138 Potest
855 3075 991 3140 fortasse
1018 3074 1180 3159 princeps
1216 3081 1217 3096 ¹

231 3254 263 3300 13
279 3265 327 3302 seu
337 3249 470 3318 quamdiu
480 3249 683 3318 Sctcellep.30.
722 3255 755 3302 14
768 3249 813 3304 vel
823 3250 1007 3318 quodBoebr.
1048 3255 1082 3306 15
1097 3249 1179 3306 diee-

159 3321 255 3387 reptur
271 3362 311 3373 ...
327 3321 376 3372 sed
386 3321 423 3373 K.
429 3320 471 3386 II,
487 3319 540 3373 Seu
555 3337 650 3388 quaec.
661 3322 730 3375 coci.
740 3339 808 3375 mas.
818 3321 905 3377 Rhea.
914 3325 992 3375 1865.
1004 3325 1075 3388 156;
1090 3323 1142 3377 sed
1156 3343 1179 3376 r.

161 3381 247 3441 ‘Uber
255 3391 308 3444 dea
319 3391 460 3445 Gobraucb
469 3407 522 3444 coa
530 3393 595 3444 sice’
607 3393 682 3446 Berl.
692 3396 770 3445 1871.
780 3397 825 3446 28.
868 3397 901 3444 22
916 3391 1180 3453 IametinLieiu..
1216 3393 1217 3408 ¹

161 3457 270 3523 Baear,
285 3459 342 3512 iam
356 3461 441 3513 etiam
457 3462 484 3514 et
498 3461 527 3512 in
537 3463 612 3516 codd.
664 3467 697 3515 26
712 3478 785 3530 quae
796 3464 833 3518 K.
884 3468 917 3515 2⁷
933 3463 1041 3517 domini
1055 3464 1110 3518 alii
1134 3467 1181 3528 W,

161 3527 262 3580 Bcotr.
334 3535 366 3582 32
385 3531 513 3599 princeps
532 3531 594 3585 fort.
614 3533 683 3588 coci.
704 3535 751 3599 K,
770 3549 820 3588 scr.
839 3535 940 3588 Baehr.
