2480 3942
389 109 646 166 EPISTULARUM
665 116 777 166 ea-se.
1024 109 1087 181 291

75 275 129 339 ius
151 271 250 338 trium
272 273 446 338 liberorum
466 271 620 338 Suetonio
634 273 822 358 Tranquillo
841 297 878 339 ea
895 273 1096 377 Q

76 385 142 446 qua
161 361 299 445 adsuevi,
321 363 432 427 referri
454 363 490 426 in
512 364 758 430 commentarios
781 386 870 429 meos
893 386 981 430 1uss1.

446 527 549 586 nom.
574 523 722 608 [noum]
970 605 971 608 Ν

277 628 304 676 C.
329 627 467 676 PLINIUS
492 628 645 678 TRAIANO
670 629 896 677 IMPERATORI.

46 747 59 786 a
145 718 307 784 Sollemne
330 723 379 784 est
400 719 495 801 mihi,
524 719 666 802 domine,
690 720 811 804 omnia,
834 720 873 783 de
896 719 1014 804 quibus
1037 721 1094 785 du·
1113 739 1126 786 1

76 809 158 892 bite,
181 807 221 872 ad
244 812 276 872 te
298 807 425 872 referre.
462 806 541 884 Quis
565 808 650 872 enim
672 811 781 892 potest
804 809 920 874 melius
942 810 995 874 vel
1018 829 1094 874 cun·

76 898 251 962 stationam
288 919 392 961 meam
427 918 537 982 regere
573 898 626 960 vel
661 898 876 983 ignorantiam
912 897 1093 963 instruere?

77 985 325 1072 Cognitionibus
349 987 387 1049 de
410 983 603 1050 Christianis
630 987 762 1051 interlui
784 1009 974 1071 numquam.
1016 985 1095 1056 Ideo.

75 1076 199 1158 neseio,
222 1074 300 1158 quid
323 1078 355 1139 et
378 1078 536 1157 quatenus
559 1077 616 1138 aut
637 1075 746 1159 puniri
770 1076 871 1140 soleat
894 1080 950 1140 aut
974 1077 1092 1159 quaeri.

32 1192 60 1231 ιο
75 1163 146 1229 Nec
182 1164 386 1228 mediocriter
421 1164 596 1247 haesitavi,
633 1164 717 1228 sitne
753 1165 885 1247 aliquod
922 1165 1127 1231 discrimena

77 1257 234 1336 aetatum,
269 1275 312 1317 an
347 1253 525 1335 quamlibet
561 1253 662 1317 teneri
698 1251 781 1316 nihil
808 1276 826 1317 a
855 1249 1092 1320 robustioribus

77 1342 240 1425 differant,
267 1342 361 1406 detur
382 1341 597 1425 paenitentiae
620 1341 726 1424 uenia,
749 1364 791 1406 an
813 1343 858 1426 ei,
882 1342 937 1426 qui
961 1343 1092 1408 omnino

77 1429 278 1497 Christianus
300 1431 378 1513 suit,
400 1430 518 1496 desisse
541 1452 607 1494 non
629 1431 747 1514 prosit,
774 1451 893 1494 nomen
919 1433 1035 1515 ipsum,
1065 1431 1092 1496 si

76 1521 209 1604 flagitiis
234 1522 353 1602 careat,
376 1542 418 1582 an
440 1518 564 1604 flagitia
588 1520 791 1585 cohaerentia
812 1521 936 1584 nomini
958 1520 1093 1604 punian-

32 1638 58 1678 15
75 1613 138 1672 tur.
183 1607 315 1673 Interim
344 1610 379 1672 ie
405 1609 460 1692 iis,
492 1609 548 1692 qui
575 1607 616 1672 ad
643 1631 695 1672 me
722 1612 887 1692 tamquam
918 1607 1092 1678 Christiani

75 1698 314 1780 deferebantur,
344 1698 431 1761 hunc
454 1719 525 1761 sum
555 1701 683 1762 secutus
705 1697 846 1762 modum.
891 1697 1126 1785 Interrogavis

74 1790 172 1871 ipsos,
195 1809 237 1850 an
260 1790 365 1851 essent
388 1783 570 1851 Christiani.
608 1784 805 1852 Confitentes
828 1789 946 1852 iterum
970 1809 1007 1852 ac
1030 1791 1092 1852 ter-

73 1877 123 1940 tio
147 1876 342 1961 interrogavi
361 1875 555 1959 supplicium
573 1876 724 1941 minatus.
755 1875 998 1941 Perseverantes
1017 1878 1091 1940 duci

72 2165 148 2208 nem
164 2142 277 2222 debere
291 2143 424 2225 puniri·
449 2141 592 2207 Fuerunt
606 2143 661 2206 alii
676 2143 790 2208 similis
804 2141 975 2226 amentias3
999 2165 1090 2226 quos,

74 1967 164 2030 iussi.
186 1963 299 2048 Neque
317 1965 403 2030 enim
421 1963 618 2048 dubitabam,
637 1966 869 2048 qualecumque
888 1970 980 2049 esset,
1004 1951 1232 2414 (ΜΞ

29 2084 58 2122 so
72 2055 260 2137 faterentur,
283 2054 492 2137 pertinaciam
511 2057 596 2118 certe
619 2058 652 2117 et
669 2052 880 2118 inflexibilem
902 2054 1091 2120 obstinatio-

73 2234 151 2316 quia
173 2234 257 2298 ciues
280 2230 419 2296 Romani
442 2235 542 2314 erant,
564 2231 715 2296 adnotavi
737 2232 774 2294 in
795 2232 908 2295 urbem
926 2231 1145 2338 remitten-qpq
1213 2230 1217 2241 '

73 2322 141 2385 dos.
188 2321 264 2385 Mox
288 2322 358 2404 ipso
382 2324 538 2403 tractatu,
567 2324 604 2384 ut
625 2319 695 2384 fieri
719 2322 809 2403 solet,
833 2319 1032 2384 diffimdente
1056 2343 1088 2386 se

73 2411 207 2475 crimine
235 2411 342 2494 plures
371 2410 492 2492 species
520 2410 720 2474 incideram:
753 2408 943 2492 Propositus
971 2414 1020 2474 est
1051 2411 1123 2474 li=5

30 2527 57 2565 aa
73 2501 179 2564 bellus
203 2500 271 2563 sine
295 2501 424 2562 auctore
447 2499 622 2562 multorum
645 2499 778 2562 nomina
805 2499 980 2562 continens.
1027 2497 1089 2575 Qui

72 2588 236 2673 negabant
258 2608 327 2652 esse
346 2607 381 2651 se
399 2585 597 2652 Christianos
620 2590 677 2651 ant
694 2585 803 2672 fuisse,
825 2608 898 2652 cum
916 2591 1088 2670 praeeunte

73 2699 125 2740 me
145 2676 221 2741 deos
240 2677 439 2760 appellarent
456 2681 489 2740 et
506 2677 640 2763 imagini
658 2681 741 2761 tuae,
760 2698 857 2759 quam
875 2680 1009 2760 propter
1026 2676 1088 2740 hoc

74 2768 229 2832 iusseram
248 2786 319 2829 cum
341 2765 520 2830 simulacris
538 2766 707 2829 numinum
722 2765 848 2850 adferri,
867 2769 938 2830 ture
956 2787 993 2830 ao
1011 2766 1086 2829 vino

73 2855 305 2939 supplicarent,
332 2858 495 2937 praeterea
518 2855 600 2918 male
624 2855 656 2918 di
693 2858 765 2919 rent
789 2852 927 2938 Christe,
950 2861 1112 2937 quorum,

28 2972 55 3010 ao
70 2945 155 3008 nihil
178 2965 272 3027 posse
296 2944 368 3027 cogi
391 2944 550 3027 dicuntur,
574 2944 629 3027 qui
668 2948 728 3007 unt
749 2965 783 3008 rs
806 2965 881 3007 vera
904 2940 1088 3026 Christiani,
1105 2981 1118 3002 e

71 3033 281 3098 dimittendos
304 3054 374 3096 esse
396 3033 516 3116 putavi.
561 3031 625 3096 Ah'·
651 3033 691 3096 ab
714 3032 819 3096 indice
842 3031 999 3096 nominati
1017 3049 1148 3140 esseea

70 3145 105 3186 se
123 3120 323 3186 Christianos
346 3122 504 3185 dixerunt
518 3125 550 3185 et
572 3143 604 3184 m
627 3145 648 3184 x
666 3124 877 3206 negaverunt,
899 3119 999 3184 tuisse
1018 3121 1086 3203 qui·

70 3212 154 3294 dem,
179 3209 235 3274 ssd
258 3210 385 3293 desisse,
408 3209 538 3294 quidam
559 3202 635 3378 pite
658 3211 842 3295 triennium,
860 3207 989 3293 quidam
1013 3213 1086 3272 ante
1139 3215 1148 3227 '

108 3347 285 3354 -.——-—··-.---

143 3421 459 3490 'linstrusrea,K.11‚
477 3379 737 3488 exanimans.
791 3425 825 3472 33
845 3422 910 3474 ante
924 3419 1085 3487 triennium,
1175 3410 1177 3414 ’

68 3493 190 3564 qnidam
209 3493 273 3547 ante
292 3510 344 3548 ora·
362 3495 432 3548 K.I.
510 3488 532 3561 ,l

482 3592 536 3671 lu

394 3671 401 3689 ,¹
476 3672 482 3689 r

385 3709 392 3748 ι’
468 3706 473 3724 Ι
507 3701 541 3734 7¹
570 3697 652 3746 ‘'ff-u

535 3746 566 3774 ,Ἰ
