2458 3940
153 141 219 204 380
587 139 615 194 0.
634 138 731 192 PLINI

153 303 292 388 principi
327 304 546 387 precabamur,
583 302 707 386 exaudi,
743 323 824 386 quae
856 323 915 385 pro
947 301 1166 366 dissimillimo

154 397 311 477 optamus.
347 390 424 456 Non
442 395 475 456 te
493 392 714 477 distringimus
732 391 831 476 votis;
854 412 921 455 non
939 391 1025 456 enim
1043 414 1167 475 paoem,

153 504 220 546 non
248 481 465 564 concordiam,
491 502 558 545 non
585 481 801 563 securitatem,
828 502 895 544 non
923 501 999 564 opes
1029 501 1167 563 oramus,

154 593 220 635 non
242 571 393 655 honores3
422 569 558 653 simplex
582 573 759 652 cunctaque
785 569 848 633 ista
871 570 1078 653 complexum
1104 591 1167 635 om-

120 677 135 724 3
154 661 244 723 nium
266 663 378 722 votum
403 661 460 742 est,
483 660 568 723 salus
589 658 751 742 principis.
787 656 857 722 Neo
874 680 950 722 vero
969 679 1090 722 novam
1109 658 1167 722 tibi
1189 685 1197 722 a

155 748 352 833 iniungimus
372 769 489 812 curam.
516 747 566 811 Tu
585 748 670 812 enim
688 748 753 811 iam
771 750 849 812 tunc
867 747 960 810 illum
978 747 1013 811 in
1030 747 1167 811 tutelam
1209 727 1210 812 i

154 837 312 922 recepisti,
335 857 408 901 cum
434 836 603 919 praedonis
631 837 807 901 avidissimi
835 835 982 900 faucibus
1011 837 1167 919 eripuisti.

153 924 267 1008 Neque
295 926 380 990 enim
408 925 476 990 sine
503 926 623 990 auxilio
652 930 718 1008 tuo,
746 947 819 989 oum
842 925 998 990 altissima
1022 946 1168 1008 quaeque

155 1019 369 1098 quaterentur,
383 1013 445 1096 hic,
460 1014 516 1097 qui
531 1015 680 1078 omnibus
695 1015 850 1078 excelsior
867 1017 943 1097 erat,
956 1015 1167 1078 inconcussus

156 1104 254 1168 stetit.
288 1103 483 1168 Praeteritus
502 1107 550 1167 est
568 1126 587 1166 a
604 1104 745 1187 pessimo
763 1103 917 1187 principe,
931 1103 986 1186 qui
1000 1102 1167 1187 praeteriri
1180 1129 1198 1168 a

119 1211 136 1258 4
155 1193 195 1256 ab
220 1193 342 1275 optimo
365 1214 432 1256 non
453 1195 588 1275 poterat.
625 1192 675 1255 Tu
698 1193 783 1256 clara
802 1192 913 1256 iudicii
931 1192 980 1255 tui
999 1193 1093 1276 signa
1111 1193 1168 1254 mi-

156 1282 239 1360 sisti,
263 1303 335 1345 oum
358 1281 575 1364 proficiscenti
600 1281 641 1344 ad
664 1282 839 1344 exercitum
862 1285 919 1345 tuo
941 1281 1088 1364 nomine,
1110 1285 1167 1344 tuo
1209 1315 1210 1356 3

120 1387 136 1436 o
155 1370 278 1434 honore
301 1371 433 1435 cessisti.
469 1369 519 1433 Tu
537 1390 615 1434 voce
634 1370 844 1454 imperatoris,
864 1369 941 1453 quid
960 1369 1105 1452 sentires,
1124 1369 1168 1432 lo
1209 1383 1210 1424 f

156 1463 249 1524 cutus
272 1459 375 1523 filium
399 1459 456 1541 illi,
478 1459 572 1523 nobis
591 1464 765 1541 parentem,
783 1459 844 1523 tibi
862 1459 1049 1543 pontificem
1068 1459 1168 1522 maxi·

155 1570 247 1618 mum
273 1549 407 1633 elegisti.
458 1546 528 1623 Quo
556 1548 676 1611 maiore
702 1547 820 1612 fiducia
847 1548 949 1612 isdem
978 1548 1043 1611 illis
1074 1548 1167 1627 votis,
1180 1573 1199 1612 u

157 1658 237 1719 quae
261 1637 330 1721 ipse
352 1657 411 1719 pro
436 1657 469 1700 se
496 1637 675 1719 nuncupari
698 1636 800 1720 iubet,
823 1657 880 1701 oro
904 1641 936 1701 et
959 1636 1118 1719 obtestor,
1142 1637 1167 1698 si

156 1726 236 1789 bene
259 1748 327 1789 rem
350 1725 522 1808 publicam,
546 1725 573 1788 si
596 1747 635 1790 ex
657 1725 797 1790 utilitate
821 1725 966 1790 omnium
988 1725 1082 1810 regit,
1104 1725 1167 1808 pri-

155 1835 245 1876 mum
260 1814 403 1877 utillum
417 1813 589 1897 nepotibus
608 1815 727 1877 nostris
746 1835 783 1878 ao
801 1814 1034 1898 pronepotibus
1053 1835 1167 1895 serves,

157 1901 270 1966 deinde
293 1906 330 1966 nt
354 1902 544 1986 quandoque
568 1923 781 1967 successorem
801 1904 830 1967 ei
848 1903 981 1986 tribuas,
1000 1925 1096 1986 quem
1115 1924 1167 1988 ge
1209 1907 1210 1912 ’

155 1992 275 2075 nuerit,
303 2013 398 2075 quem
425 1992 612 2055 formaverit
640 1992 840 2075 similamque
866 1993 978 2056 fecerit
1005 1993 1166 2075 adoptata,
1180 2018 1202 2057 eo

157 2084 222 2164 aut,
245 2081 273 2144 si
295 2082 358 2145 hoc
380 2081 448 2145 fato
471 2083 617 2165 negatur,
640 2081 674 2144 in
697 2081 831 2145 consilio
855 2082 899 2145 sis
923 2081 1055 2165 eligenti
1077 2102 1166 2145 mon-

157 2173 300 2252 stresque
328 2170 478 2252 aliquem,
502 2191 598 2252 quem
626 2169 771 2252 adoptari
798 2171 834 2232 in
861 2169 1020 2254 Capitolio
1049 2169 1166 2233 deceat.

104 2255 150 2321 95
223 2257 335 2340 Vobis,
357 2262 463 2342 patres
487 2258 669 2341 conscripti,
694 2262 848 2341 quantum
869 2259 1010 2342 debeam,
1028 2258 1166 2341 publicis

157 2347 253 2410 etiam
276 2348 493 2412 monumentis
517 2347 705 2411 continetur.
750 2346 818 2411 Vos
842 2348 922 2411 mihi
945 2349 979 2411 in
1001 2348 1166 2411 tribunatu

157 2436 283 2517 quietis,
301 2437 336 2499 in
354 2439 503 2519 praetura
518 2436 702 2519 modestiae,
720 2457 777 2500 vos
791 2437 826 2500 in
839 2437 911 2502 istis
926 2437 1022 2500 etiam
1041 2437 1165 2518 officiis,
1178 2447 1210 2500 al

158 2545 239 2606 quae
262 2524 376 2588 studiis
399 2525 518 2590 nostris
543 2526 626 2589 circa
653 2526 788 2589 tuendos
818 2526 921 2589 socios
948 2525 1165 2606 iniunxeratis,
1209 2507 1210 2564 l

158 2633 230 2676 oum
253 2614 329 2694 fidei
350 2617 419 2677 tum
444 2615 641 2678 constantiae
664 2615 923 2697 antiquissimum
945 2614 1165 2678 testimonium
1209 2601 1210 2632 ¹

123 2701 373 2785 aperhibuistis.
426 2700 493 2766 Vos
525 2704 672 2786 proxime
704 2703 949 2768 destinationem
982 2703 1165 2766 consulatus
1209 2725 1210 2732 ¹

158 2791 222 2854 mei
248 2789 299 2855 his
328 2789 610 2856 acclamationibus
638 2792 882 2876 approbavistiS,
913 2796 949 2856 ut
981 2792 1165 2876 intellegam

159 2879 254 2943 etiam
273 2883 370 2962 atque
389 2881 486 2944 etiam
504 2880 688 2944 enitendum
709 2880 798 2964 mihi,
816 2885 854 2945 ut
871 2881 958 2945 hunc
975 2901 1164 2946 consensum
1178 2905 1199 2945 a

229 3024 245 3070 5
264 3035 504 3072 novam-curam
519 3023 554 3086 A,
571 3019 692 3088 (laepia,
709 3019 811 3090 Gierip,
829 3036 930 3072 novam
945 3023 988 3086 M,
1006 3035 1078 3073 nova
1093 3022 1166 3090 vulp.

160 3095 191 3142 11
220 3092 332 3159 poterat
357 3091 434 3144 Keib'
458 3092 515 3144 cod.
543 3091 665 3155 Medios,
691 3092 777 3155 ΚΠ,
803 3092 914 3158 Bocbr,
940 3091 1045 3160 poterit
1068 3092 1165 3160 pleriq.

159 3162 244 3227 codd,
258 3161 352 3229 potuit
365 3164 447 3232 culp,
461 3164 529 3216 111.
603 3166 635 3213 21
656 3163 849 3228 monstresque
863 3164 960 3231 pleriq.
979 3163 1064 3228 codd,
1079 3163 1165 3227 KH,

160 3233 259 3285 Baehr.
284 3239 346 3296 tac,
369 3235 505 3286 monstres
529 3234 594 3286 K.I
608 3249 641 3286 ea
658 3233 716 3286 suis
734 3233 793 3286 Ad.
876 3238 910 3286 24
933 3233 1044 3286 monim.
1064 3233 1164 3286 Baebr.
1209 3279 1210 3282 ,

160 3306 194 3352 aa
215 3303 300 3355 esiam
319 3303 418 3355 officia
436 3305 473 3370 A,
493 3302 537 3356 off.
558 3303 643 3356 etiem
661 3304 732 3373 very.
808 3309 842 3356 ao
866 3305 967 3358 sauna
987 3305 1083 3359 Mace.
1103 3306 1163 3358 aas.
1209 3283 1210 3348 l

88 3423 95 3436 ,
160 3372 285 3436 111222,
309 3389 324 3426 e
344 3374 443 3426 studiis
463 3376 559 3442 pleriq.
582 3374 659 3428 Keila'
681 3373 767 3439 codd,
785 3376 886 3453 Wet
905 3392 920 3429 e
939 3376 1012 3430 stud.
1031 3376 1110 3442 AM,
1132 3392 1165 3428 ex

161 3440 233 3492 stud.
254 3443 353 3496 Baebr.
440 3451 471 3497 27
496 3444 562 3497 fidei
585 3445 668 3499 ΚΗ
681 3446 716 3511 cs.
735 3447 1165 3513 effi1119.23,17.2,11ai‚

167 3511 276 3575 V13.2‚
294 3513 405 3578 Barba,
423 3530 473 3568 cuc.
493 3517 579 3581 codd,
598 3515 691 3570 cuncti
711 3518 796 3570 const.
816 3519 898 3588 culp,
917 3519 985 3572 K.I.
